Poker Hand #RC3055418539: Hold'em No Limit ($0.1/$0.25) - 2024/11/10 16:13:01
Table 'RushAndCash4105047' 6-max Seat #1 is the button
Seat 1: Hero ($50.13 in chips)
Seat 2: b5f303b ($25 in chips)
Seat 3: 57d68e8d ($38.78 in chips)
Seat 4: cc78e01b ($23.06 in chips)
Seat 5: 4c6a80e0 ($25.32 in chips)
Seat 6: a7657de4 ($29.83 in chips)
b5f303b: posts small blind $0.1
57d68e8d: posts big blind $0.25
*** HOLE CARDS ***
Dealt to Hero [Ah Jh]
Dealt to b5f303b 
Dealt to 57d68e8d 
Dealt to cc78e01b 
Dealt to 4c6a80e0 
Dealt to a7657de4 
cc78e01b: folds
4c6a80e0: folds
a7657de4: folds
Hero: raises $0.38 to $0.63
b5f303b: folds
57d68e8d: folds
Uncalled bet ($0.38) returned to Hero
*** SHOWDOWN ***
Hero collected $0.6 from pot
*** SUMMARY ***
Total pot $0.6 | Rake $0 | Jackpot $0 | Bingo $0 | Fortune $0 | Tax $0
Seat 1: Hero (button) collected ($0.6)
Seat 2: b5f303b (small blind) folded before Flop
Seat 3: 57d68e8d (big blind) folded before Flop
Seat 4: cc78e01b folded before Flop (didn't bet)
Seat 5: 4c6a80e0 folded before Flop (didn't bet)
Seat 6: a7657de4 folded before Flop (didn't bet)


Poker Hand #RC3055417165: Hold'em No Limit ($0.1/$0.25) - 2024/11/10 16:10:27
Table 'RushAndCash4104055' 6-max Seat #1 is the button
Seat 1: 5bc2836d ($14.19 in chips)
Seat 2: 1b9af7af ($61.55 in chips)
Seat 3: Hero ($35.02 in chips)
Seat 4: f030ee10 ($25 in chips)
Seat 5: 21ae2844 ($183.43 in chips)
Seat 6: 6cf57dc7 ($10.5 in chips)
1b9af7af: posts small blind $0.1
Hero: posts big blind $0.25
*** HOLE CARDS ***
Dealt to 5bc2836d 
Dealt to 1b9af7af 
Dealt to Hero [Qd 9c]
Dealt to f030ee10 
Dealt to 21ae2844 
Dealt to 6cf57dc7 
f030ee10: folds
21ae2844: folds
6cf57dc7: raises $0.25 to $0.5
5bc2836d: calls $0.5
1b9af7af: folds
Hero: calls $0.25
*** FLOP *** [Qc Qs 8c]
Hero: checks
6cf57dc7: checks
5bc2836d: bets $0.25
Hero: calls $0.25
6cf57dc7: raises $1.18 to $1.43
5bc2836d: raises $2.07 to $3.5
Hero: calls $3.25
6cf57dc7: folds
*** TURN *** [Qc Qs 8c] [9h]
Hero: checks
5bc2836d: bets $10.19 and is all-in
Hero: calls $10.19
5bc2836d: shows [Qh Jc] (Three Queens)
Hero: shows [Qd 9c] (Queens Full over Nines)
*** FIRST RIVER *** [Qc Qs 8c 9h] [3h]
*** SECOND RIVER *** [Qc Qs 8c 9h] [As]
*** FIRST SHOWDOWN ***
Hero collected $14.65 from pot
*** SECOND SHOWDOWN ***
Hero collected $14.65 from pot
*** SUMMARY ***
Total pot $30.41 | Rake $0.74 | Jackpot $0.37 | Bingo $0 | Fortune $0 | Tax $0
Hand was run two times
FIRST Board [Qc Qs 8c 9h 3h]
SECOND Board [As]
Seat 1: 5bc2836d (button) showed [Qh Jc] and lost with Three Queens, and lost
Seat 2: 1b9af7af (small blind) folded before Flop
Seat 3: Hero (big blind) showed [Qd 9c] and won ($14.65) with Queens Full over Nines, and won ($14.65)
Seat 4: f030ee10 folded before Flop (didn't bet)
Seat 5: 21ae2844 folded before Flop (didn't bet)
Seat 6: 6cf57dc7 folded on the Flop


Poker Hand #RC3055417131: Hold'em No Limit ($0.1/$0.25) - 2024/11/10 16:10:23
Table 'RushAndCash4104030' 6-max Seat #1 is the button
Seat 1: 3b2fece0 ($30.11 in chips)
Seat 2: cf316a30 ($33.8 in chips)
Seat 3: 35f464d2 ($25 in chips)
Seat 4: e9e998f6 ($44.65 in chips)
Seat 5: 99a693f3 ($27.74 in chips)
Seat 6: Hero ($35.02 in chips)
cf316a30: posts small blind $0.1
35f464d2: posts big blind $0.25
*** HOLE CARDS ***
Dealt to 3b2fece0 
Dealt to cf316a30 
Dealt to 35f464d2 
Dealt to e9e998f6 
Dealt to 99a693f3 
Dealt to Hero [3s Ks]
e9e998f6: folds
99a693f3: folds
Hero: folds
3b2fece0: folds
cf316a30: folds
Uncalled bet ($0.15) returned to 35f464d2
*** SHOWDOWN ***
35f464d2 collected $0.2 from pot
*** SUMMARY ***
Total pot $0.2 | Rake $0 | Jackpot $0 | Bingo $0 | Fortune $0 | Tax $0
Seat 1: 3b2fece0 (button) folded before Flop (didn't bet)
Seat 2: cf316a30 (small blind) folded before Flop
Seat 3: 35f464d2 (big blind) collected ($0.2)
Seat 4: e9e998f6 folded before Flop (didn't bet)
Seat 5: 99a693f3 folded before Flop (didn't bet)
Seat 6: Hero folded before Flop (didn't bet)


Poker Hand #RC3055417056: Hold'em No Limit ($0.1/$0.25) - 2024/11/10 16:10:13
Table 'RushAndCash4103973' 6-max Seat #1 is the button
Seat 1: 5f2ddb0c ($30.05 in chips)
Seat 2: 811284fa ($102.13 in chips)
Seat 3: cc160256 ($28.26 in chips)
Seat 4: 3fa80e7f ($63.28 in chips)
Seat 5: 84781cbb ($23.75 in chips)
Seat 6: Hero ($34.67 in chips)
811284fa: posts small blind $0.1
cc160256: posts big blind $0.25
*** HOLE CARDS ***
Dealt to 5f2ddb0c 
Dealt to 811284fa 
Dealt to cc160256 
Dealt to 3fa80e7f 
Dealt to 84781cbb 
Dealt to Hero [Ks Th]
3fa80e7f: folds
84781cbb: folds
Hero: raises $0.38 to $0.63
5f2ddb0c: folds
811284fa: folds
cc160256: folds
Uncalled bet ($0.38) returned to Hero
*** SHOWDOWN ***
Hero collected $0.6 from pot
*** SUMMARY ***
Total pot $0.6 | Rake $0 | Jackpot $0 | Bingo $0 | Fortune $0 | Tax $0
Seat 1: 5f2ddb0c (button) folded before Flop (didn't bet)
Seat 2: 811284fa (small blind) folded before Flop
Seat 3: cc160256 (big blind) folded before Flop
Seat 4: 3fa80e7f folded before Flop (didn't bet)
Seat 5: 84781cbb folded before Flop (didn't bet)
Seat 6: Hero collected ($0.6)


Poker Hand #RC3055416802: Hold'em No Limit ($0.1/$0.25) - 2024/11/10 16:09:41
Table 'RushAndCash4103785' 6-max Seat #1 is the button
Seat 1: d689f7dc ($37.51 in chips)
Seat 2: f7ba9224 ($42.13 in chips)
Seat 3: 811284fa ($103.21 in chips)
Seat 4: 2dcf0046 ($62.07 in chips)
Seat 5: Hero ($33.6 in chips)
Seat 6: 3d0611e9 ($28.96 in chips)
f7ba9224: posts small blind $0.1
811284fa: posts big blind $0.25
*** HOLE CARDS ***
Dealt to d689f7dc 
Dealt to f7ba9224 
Dealt to 811284fa 
Dealt to 2dcf0046 
Dealt to Hero [8s 8d]
Dealt to 3d0611e9 
2dcf0046: folds
Hero: raises $0.38 to $0.63
3d0611e9: folds
d689f7dc: folds
f7ba9224: folds
811284fa: calls $0.38
*** FLOP *** [5d 4d 7d]
811284fa: checks
Hero: bets $0.45
811284fa: calls $0.45
*** TURN *** [5d 4d 7d] [Kc]
811284fa: checks
Hero: bets $1.25
811284fa: folds
Uncalled bet ($1.25) returned to Hero
*** SHOWDOWN ***
Hero collected $2.15 from pot
*** SUMMARY ***
Total pot $2.26 | Rake $0.11 | Jackpot $0 | Bingo $0 | Fortune $0 | Tax $0
Board [5d 4d 7d Kc]
Seat 1: d689f7dc (button) folded before Flop (didn't bet)
Seat 2: f7ba9224 (small blind) folded before Flop
Seat 3: 811284fa (big blind) folded on the Turn
Seat 4: 2dcf0046 folded before Flop (didn't bet)
Seat 5: Hero won ($2.15)
Seat 6: 3d0611e9 folded before Flop (didn't bet)


Poker Hand #RC3055416772: Hold'em No Limit ($0.1/$0.25) - 2024/11/10 16:09:37
Table 'RushAndCash4103761' 6-max Seat #1 is the button
Seat 1: 3e8b9473 ($25 in chips)
Seat 2: f1d133bb ($13.91 in chips)
Seat 3: 2ccce20f ($29.63 in chips)
Seat 4: 6e547bb3 ($26.02 in chips)
Seat 5: 92143d17 ($25.45 in chips)
Seat 6: Hero ($33.6 in chips)
f1d133bb: posts small blind $0.1
2ccce20f: posts big blind $0.25
*** HOLE CARDS ***
Dealt to 3e8b9473 
Dealt to f1d133bb 
Dealt to 2ccce20f 
Dealt to 6e547bb3 
Dealt to 92143d17 
Dealt to Hero [6h 9h]
6e547bb3: folds
92143d17: folds
Hero: folds
3e8b9473: folds
f1d133bb: folds
Uncalled bet ($0.15) returned to 2ccce20f
*** SHOWDOWN ***
2ccce20f collected $0.2 from pot
*** SUMMARY ***
Total pot $0.2 | Rake $0 | Jackpot $0 | Bingo $0 | Fortune $0 | Tax $0
Seat 1: 3e8b9473 (button) folded before Flop (didn't bet)
Seat 2: f1d133bb (small blind) folded before Flop
Seat 3: 2ccce20f (big blind) collected ($0.2)
Seat 4: 6e547bb3 folded before Flop (didn't bet)
Seat 5: 92143d17 folded before Flop (didn't bet)
Seat 6: Hero folded before Flop (didn't bet)


Poker Hand #RC3055416746: Hold'em No Limit ($0.1/$0.25) - 2024/11/10 16:09:33
Table 'RushAndCash4103742' 6-max Seat #1 is the button
Seat 1: 54f18700 ($26.19 in chips)
Seat 2: Hero ($33.7 in chips)
Seat 3: 80384f02 ($52.27 in chips)
Seat 4: 4eaa6d9e ($11.24 in chips)
Seat 5: b8fb04e3 ($26.96 in chips)
Seat 6: b9f43091 ($25 in chips)
Hero: posts small blind $0.1
80384f02: posts big blind $0.25
*** HOLE CARDS ***
Dealt to 54f18700 
Dealt to Hero [4d Qc]
Dealt to 80384f02 
Dealt to 4eaa6d9e 
Dealt to b8fb04e3 
Dealt to b9f43091 
4eaa6d9e: raises $0.5 to $0.75
b8fb04e3: folds
b9f43091: folds
54f18700: folds
Hero: folds
80384f02: raises $1.6 to $2.35
4eaa6d9e: calls $1.6
*** FLOP *** [5c 4c 8h]
80384f02: bets $3.6
4eaa6d9e: raises $5.29 to $8.89 and is all-in
80384f02: folds
Uncalled bet ($5.29) returned to 4eaa6d9e
*** SHOWDOWN ***
4eaa6d9e collected $11.05 from pot
*** SUMMARY ***
Total pot $12 | Rake $0.58 | Jackpot $0.37 | Bingo $0 | Fortune $0 | Tax $0
Board [5c 4c 8h]
Seat 1: 54f18700 (button) folded before Flop (didn't bet)
Seat 2: Hero (small blind) folded before Flop
Seat 3: 80384f02 (big blind) folded on the Flop
Seat 4: 4eaa6d9e won ($11.05)
Seat 5: b8fb04e3 folded before Flop (didn't bet)
Seat 6: b9f43091 folded before Flop (didn't bet)


Poker Hand #RC3055416663: Hold'em No Limit ($0.1/$0.25) - 2024/11/10 16:09:24
Table 'RushAndCash4103682' 6-max Seat #1 is the button
Seat 1: Hero ($33.7 in chips)
Seat 2: c44e9a91 ($25 in chips)
Seat 3: 78532f38 ($37.61 in chips)
Seat 4: 5d647cb7 ($25.65 in chips)
Seat 5: 435fdc3e ($44.64 in chips)
Seat 6: 315aaffc ($25.77 in chips)
c44e9a91: posts small blind $0.1
78532f38: posts big blind $0.25
*** HOLE CARDS ***
Dealt to Hero [7s Qc]
Dealt to c44e9a91 
Dealt to 78532f38 
Dealt to 5d647cb7 
Dealt to 435fdc3e 
Dealt to 315aaffc 
5d647cb7: folds
435fdc3e: folds
315aaffc: raises $0.25 to $0.5
Hero: folds
c44e9a91: calls $0.4
78532f38: folds
*** FLOP *** [5h Qh 8d]
c44e9a91: checks
315aaffc: checks
*** TURN *** [5h Qh 8d] [8c]
c44e9a91: checks
315aaffc: checks
*** RIVER *** [5h Qh 8d 8c] [Ac]
c44e9a91: checks
315aaffc: bets $0.94
c44e9a91: calls $0.94
315aaffc: shows [Ah Ts] (Pair of Aces and Pair of Eights)
c44e9a91: shows [2s As] (Pair of Aces and Pair of Eights)
*** SHOWDOWN ***
c44e9a91 collected $1.5 from pot
315aaffc collected $1.49 from pot
*** SUMMARY ***
Total pot $3.13 | Rake $0.14 | Jackpot $0 | Bingo $0 | Fortune $0 | Tax $0
Board [5h Qh 8d 8c Ac]
Seat 1: Hero (button) folded before Flop (didn't bet)
Seat 2: c44e9a91 (small blind) showed [2s As] and won ($1.5) with Pair of Aces and Pair of Eights
Seat 3: 78532f38 (big blind) folded before Flop
Seat 4: 5d647cb7 folded before Flop (didn't bet)
Seat 5: 435fdc3e folded before Flop (didn't bet)
Seat 6: 315aaffc showed [Ah Ts] and won ($1.49) with Pair of Aces and Pair of Eights


Poker Hand #RC3055416546: Hold'em No Limit ($0.1/$0.25) - 2024/11/10 16:09:10
Table 'RushAndCash4103600' 6-max Seat #1 is the button
Seat 1: 38e96418 ($26.84 in chips)
Seat 2: 64e9e125 ($34.96 in chips)
Seat 3: Hero ($33.95 in chips)
Seat 4: 2eee3093 ($16.29 in chips)
Seat 5: ac234284 ($26.07 in chips)
Seat 6: b5220b98 ($39.53 in chips)
64e9e125: posts small blind $0.1
Hero: posts big blind $0.25
*** HOLE CARDS ***
Dealt to 38e96418 
Dealt to 64e9e125 
Dealt to Hero [3d 5c]
Dealt to 2eee3093 
Dealt to ac234284 
Dealt to b5220b98 
2eee3093: folds
ac234284: folds
b5220b98: folds
38e96418: folds
64e9e125: raises $0.25 to $0.5
Hero: folds
Uncalled bet ($0.25) returned to 64e9e125
*** SHOWDOWN ***
64e9e125 collected $0.5 from pot
*** SUMMARY ***
Total pot $0.5 | Rake $0 | Jackpot $0 | Bingo $0 | Fortune $0 | Tax $0
Seat 1: 38e96418 (button) folded before Flop (didn't bet)
Seat 2: 64e9e125 (small blind) collected ($0.5)
Seat 3: Hero (big blind) folded before Flop
Seat 4: 2eee3093 folded before Flop (didn't bet)
Seat 5: ac234284 folded before Flop (didn't bet)
Seat 6: b5220b98 folded before Flop (didn't bet)


Poker Hand #RC3055416058: Hold'em No Limit ($0.1/$0.25) - 2024/11/10 16:08:12
Table 'RushAndCash4103258' 6-max Seat #1 is the button
Seat 1: 341f561a ($43.62 in chips)
Seat 2: 59e90005 ($15.69 in chips)
Seat 3: ec00a511 ($25 in chips)
Seat 4: Hero ($35.58 in chips)
Seat 5: b5220b98 ($37.37 in chips)
Seat 6: 94bb9339 ($25 in chips)
59e90005: posts small blind $0.1
ec00a511: posts big blind $0.25
*** HOLE CARDS ***
Dealt to 341f561a 
Dealt to 59e90005 
Dealt to ec00a511 
Dealt to Hero [9s As]
Dealt to b5220b98 
Dealt to 94bb9339 
Hero: raises $0.38 to $0.63
b5220b98: calls $0.63
94bb9339: folds
341f561a: folds
59e90005: folds
ec00a511: calls $0.38
*** FLOP *** [2c 8h Ad]
ec00a511: checks
Hero: checks
b5220b98: checks
*** TURN *** [2c 8h Ad] [7d]
ec00a511: checks
Hero: checks
b5220b98: bets $1
ec00a511: folds
Hero: calls $1
*** RIVER *** [2c 8h Ad 7d] [Qc]
Hero: checks
b5220b98: checks
Hero: shows [9s As] (Pair of Aces)
b5220b98: shows [Kd Ac] (Pair of Aces)
*** SHOWDOWN ***
b5220b98 collected $3.79 from pot
*** SUMMARY ***
Total pot $3.99 | Rake $0.2 | Jackpot $0 | Bingo $0 | Fortune $0 | Tax $0
Board [2c 8h Ad 7d Qc]
Seat 1: 341f561a (button) folded before Flop (didn't bet)
Seat 2: 59e90005 (small blind) folded before Flop
Seat 3: ec00a511 (big blind) folded on the Turn
Seat 4: Hero showed [9s As] and lost with Pair of Aces
Seat 5: b5220b98 showed [Kd Ac] and won ($3.79) with Pair of Aces
Seat 6: 94bb9339 folded before Flop (didn't bet)


Poker Hand #RC3055416027: Hold'em No Limit ($0.1/$0.25) - 2024/11/10 16:08:09
Table 'RushAndCash4103236' 6-max Seat #1 is the button
Seat 1: 76eccbcf ($104.82 in chips)
Seat 2: 2ac6a89a ($53.62 in chips)
Seat 3: 59e90005 ($15.94 in chips)
Seat 4: Hero ($35.58 in chips)
Seat 5: 6f961184 ($20.91 in chips)
Seat 6: 94bb9339 ($25 in chips)
2ac6a89a: posts small blind $0.1
59e90005: posts big blind $0.25
*** HOLE CARDS ***
Dealt to 76eccbcf 
Dealt to 2ac6a89a 
Dealt to 59e90005 
Dealt to Hero [2s Td]
Dealt to 6f961184 
Dealt to 94bb9339 
Hero: folds
6f961184: folds
94bb9339: folds
76eccbcf: folds
2ac6a89a: folds
Uncalled bet ($0.15) returned to 59e90005
*** SHOWDOWN ***
59e90005 collected $0.2 from pot
*** SUMMARY ***
Total pot $0.2 | Rake $0 | Jackpot $0 | Bingo $0 | Fortune $0 | Tax $0
Seat 1: 76eccbcf (button) folded before Flop (didn't bet)
Seat 2: 2ac6a89a (small blind) folded before Flop
Seat 3: 59e90005 (big blind) collected ($0.2)
Seat 4: Hero folded before Flop (didn't bet)
Seat 5: 6f961184 folded before Flop (didn't bet)
Seat 6: 94bb9339 folded before Flop (didn't bet)


Poker Hand #RC3055415982: Hold'em No Limit ($0.1/$0.25) - 2024/11/10 16:08:04
Table 'RushAndCash4103202' 6-max Seat #1 is the button
Seat 1: 5d99bcc7 ($25 in chips)
Seat 2: ad51bd12 ($34.16 in chips)
Seat 3: 7df2d064 ($41.67 in chips)
Seat 4: 87d066ab ($27.16 in chips)
Seat 5: 7f9e8855 ($12.38 in chips)
Seat 6: Hero ($35.58 in chips)
ad51bd12: posts small blind $0.1
7df2d064: posts big blind $0.25
*** HOLE CARDS ***
Dealt to 5d99bcc7 
Dealt to ad51bd12 
Dealt to 7df2d064 
Dealt to 87d066ab 
Dealt to 7f9e8855 
Dealt to Hero [7s Th]
87d066ab: raises $0.25 to $0.5
7f9e8855: folds
Hero: folds
5d99bcc7: raises $2.5 to $3
ad51bd12: raises $3.8 to $6.8
7df2d064: folds
87d066ab: folds
5d99bcc7: calls $3.8
*** FLOP *** [Tc 5c 4d]
ad51bd12: checks
5d99bcc7: checks
*** TURN *** [Tc 5c 4d] [Jh]
ad51bd12: bets $5.74
5d99bcc7: calls $5.74
*** RIVER *** [Tc 5c 4d Jh] [3c]
ad51bd12: bets $21.62 and is all-in
5d99bcc7: folds
Uncalled bet ($21.62) returned to ad51bd12
*** SHOWDOWN ***
ad51bd12 collected $24.71 from pot
*** SUMMARY ***
Total pot $25.83 | Rake $0.75 | Jackpot $0.37 | Bingo $0 | Fortune $0 | Tax $0
Board [Tc 5c 4d Jh 3c]
Seat 1: 5d99bcc7 (button) folded on the River
Seat 2: ad51bd12 (small blind) won ($24.71)
Seat 3: 7df2d064 (big blind) folded before Flop
Seat 4: 87d066ab folded before Flop
Seat 5: 7f9e8855 folded before Flop (didn't bet)
Seat 6: Hero folded before Flop (didn't bet)


Poker Hand #RC3055415879: Hold'em No Limit ($0.1/$0.25) - 2024/11/10 16:07:52
Table 'RushAndCash4103126' 6-max Seat #1 is the button
Seat 1: ac393ad9 ($35.99 in chips)
Seat 2: Hero ($35.33 in chips)
Seat 3: 8c6be8f5 ($37.61 in chips)
Seat 4: 7c9c0f1c ($77.97 in chips)
Seat 5: 6939bfaa ($14.09 in chips)
Seat 6: 47d82e04 ($25 in chips)
Hero: posts small blind $0.1
8c6be8f5: posts big blind $0.25
*** HOLE CARDS ***
Dealt to ac393ad9 
Dealt to Hero [Js Jd]
Dealt to 8c6be8f5 
Dealt to 7c9c0f1c 
Dealt to 6939bfaa 
Dealt to 47d82e04 
7c9c0f1c: folds
6939bfaa: folds
47d82e04: folds
ac393ad9: folds
Hero: raises $0.5 to $0.75
8c6be8f5: folds
Uncalled bet ($0.5) returned to Hero
*** SHOWDOWN ***
Hero collected $0.5 from pot
*** SUMMARY ***
Total pot $0.5 | Rake $0 | Jackpot $0 | Bingo $0 | Fortune $0 | Tax $0
Seat 1: ac393ad9 (button) folded before Flop (didn't bet)
Seat 2: Hero (small blind) collected ($0.5)
Seat 3: 8c6be8f5 (big blind) folded before Flop
Seat 4: 7c9c0f1c folded before Flop (didn't bet)
Seat 5: 6939bfaa folded before Flop (didn't bet)
Seat 6: 47d82e04 folded before Flop (didn't bet)


Poker Hand #RC3055415194: Hold'em No Limit ($0.1/$0.25) - 2024/11/10 16:06:33
Table 'RushAndCash4102635' 6-max Seat #1 is the button
Seat 1: Hero ($30.03 in chips)
Seat 2: 6939bfaa ($20.1 in chips)
Seat 3: b30168bc ($30.06 in chips)
Seat 4: 2cc5b3fb ($26.15 in chips)
Seat 5: cffc3475 ($30.08 in chips)
Seat 6: 4e2c3eb9 ($26.39 in chips)
6939bfaa: posts small blind $0.1
b30168bc: posts big blind $0.25
*** HOLE CARDS ***
Dealt to Hero [As Ad]
Dealt to 6939bfaa 
Dealt to b30168bc 
Dealt to 2cc5b3fb 
Dealt to cffc3475 
Dealt to 4e2c3eb9 
2cc5b3fb: folds
cffc3475: folds
4e2c3eb9: folds
Hero: raises $0.38 to $0.63
6939bfaa: raises $1.47 to $2.1
b30168bc: folds
Hero: calls $1.47
*** FLOP *** [Js 5d Kd]
6939bfaa: checks
Hero: bets $1.47
6939bfaa: calls $1.47
*** TURN *** [Js 5d Kd] [Th]
6939bfaa: checks
Hero: bets $2.44
6939bfaa: calls $2.44
*** RIVER *** [Js 5d Kd Th] [9d]
6939bfaa: checks
Hero: checks
6939bfaa: shows [Ac Jh] (Pair of Jacks)
Hero: shows [As Ad] (Pair of Aces)
*** SHOWDOWN ***
Hero collected $11.31 from pot
*** SUMMARY ***
Total pot $12.27 | Rake $0.59 | Jackpot $0.37 | Bingo $0 | Fortune $0 | Tax $0
Board [Js 5d Kd Th 9d]
Seat 1: Hero (button) showed [As Ad] and won ($11.31) with Pair of Aces
Seat 2: 6939bfaa (small blind) showed [Ac Jh] and lost with Pair of Jacks
Seat 3: b30168bc (big blind) folded before Flop
Seat 4: 2cc5b3fb folded before Flop (didn't bet)
Seat 5: cffc3475 folded before Flop (didn't bet)
Seat 6: 4e2c3eb9 folded before Flop (didn't bet)


Poker Hand #RC3055414891: Hold'em No Limit ($0.1/$0.25) - 2024/11/10 16:05:59
Table 'RushAndCash4102425' 6-max Seat #1 is the button
Seat 1: 59e90005 ($17.14 in chips)
Seat 2: 8d62e5df ($27.6 in chips)
Seat 3: Hero ($29.36 in chips)
Seat 4: 7dd8360c ($14.16 in chips)
Seat 5: 19534b25 ($32.03 in chips)
Seat 6: 2cc5b3fb ($26.78 in chips)
8d62e5df: posts small blind $0.1
Hero: posts big blind $0.25
*** HOLE CARDS ***
Dealt to 59e90005 
Dealt to 8d62e5df 
Dealt to Hero [Qs Qh]
Dealt to 7dd8360c 
Dealt to 19534b25 
Dealt to 2cc5b3fb 
7dd8360c: folds
19534b25: folds
2cc5b3fb: raises $0.38 to $0.63
59e90005: folds
8d62e5df: folds
Hero: raises $1.87 to $2.5
2cc5b3fb: folds
Uncalled bet ($1.87) returned to Hero
*** SHOWDOWN ***
Hero collected $1.3 from pot
*** SUMMARY ***
Total pot $1.36 | Rake $0.06 | Jackpot $0 | Bingo $0 | Fortune $0 | Tax $0
Seat 1: 59e90005 (button) folded before Flop (didn't bet)
Seat 2: 8d62e5df (small blind) folded before Flop
Seat 3: Hero (big blind) collected ($1.3)
Seat 4: 7dd8360c folded before Flop (didn't bet)
Seat 5: 19534b25 folded before Flop (didn't bet)
Seat 6: 2cc5b3fb folded before Flop


Poker Hand #RC3055414859: Hold'em No Limit ($0.1/$0.25) - 2024/11/10 16:05:55
Table 'RushAndCash4102401' 6-max Seat #1 is the button
Seat 1: 64c3074d ($25 in chips)
Seat 2: 2cc5b3fb ($26.88 in chips)
Seat 3: 2d0e8838 ($25.41 in chips)
Seat 4: c9327151 ($32.38 in chips)
Seat 5: Hero ($29.36 in chips)
Seat 6: c4eef9e5 ($41.81 in chips)
2cc5b3fb: posts small blind $0.1
2d0e8838: posts big blind $0.25
*** HOLE CARDS ***
Dealt to 64c3074d 
Dealt to 2cc5b3fb 
Dealt to 2d0e8838 
Dealt to c9327151 
Dealt to Hero [7h Js]
Dealt to c4eef9e5 
c9327151: folds
Hero: folds
c4eef9e5: folds
64c3074d: folds
2cc5b3fb: folds
Uncalled bet ($0.15) returned to 2d0e8838
*** SHOWDOWN ***
2d0e8838 collected $0.2 from pot
*** SUMMARY ***
Total pot $0.2 | Rake $0 | Jackpot $0 | Bingo $0 | Fortune $0 | Tax $0
Seat 1: 64c3074d (button) folded before Flop (didn't bet)
Seat 2: 2cc5b3fb (small blind) folded before Flop
Seat 3: 2d0e8838 (big blind) collected ($0.2)
Seat 4: c9327151 folded before Flop (didn't bet)
Seat 5: Hero folded before Flop (didn't bet)
Seat 6: c4eef9e5 folded before Flop (didn't bet)


Poker Hand #RC3055414823: Hold'em No Limit ($0.1/$0.25) - 2024/11/10 16:05:51
Table 'RushAndCash4102374' 6-max Seat #1 is the button
Seat 1: db3e0a4f ($25.99 in chips)
Seat 2: 8f221390 ($28.95 in chips)
Seat 3: 343acd9 ($26.99 in chips)
Seat 4: 54b3db96 ($24.49 in chips)
Seat 5: b546675d ($25.1 in chips)
Seat 6: Hero ($29.36 in chips)
8f221390: posts small blind $0.1
343acd9: posts big blind $0.25
*** HOLE CARDS ***
Dealt to db3e0a4f 
Dealt to 8f221390 
Dealt to 343acd9 
Dealt to 54b3db96 
Dealt to b546675d 
Dealt to Hero [2d 3s]
54b3db96: folds
b546675d: folds
Hero: folds
db3e0a4f: raises $0.38 to $0.63
8f221390: calls $0.53
343acd9: folds
*** FLOP *** [6d 6s Kh]
8f221390: checks
db3e0a4f: bets $0.5
8f221390: raises $0.83 to $1.33
db3e0a4f: folds
Uncalled bet ($0.83) returned to 8f221390
*** SHOWDOWN ***
8f221390 collected $2.39 from pot
*** SUMMARY ***
Total pot $2.51 | Rake $0.12 | Jackpot $0 | Bingo $0 | Fortune $0 | Tax $0
Board [6d 6s Kh]
Seat 1: db3e0a4f (button) folded on the Flop
Seat 2: 8f221390 (small blind) won ($2.39)
Seat 3: 343acd9 (big blind) folded before Flop
Seat 4: 54b3db96 folded before Flop (didn't bet)
Seat 5: b546675d folded before Flop (didn't bet)
Seat 6: Hero folded before Flop (didn't bet)


Poker Hand #RC3055414788: Hold'em No Limit ($0.1/$0.25) - 2024/11/10 16:05:48
Table 'RushAndCash4102349' 6-max Seat #1 is the button
Seat 1: 2a634c21 ($12.09 in chips)
Seat 2: 16ef4d9b ($24.75 in chips)
Seat 3: a7657de4 ($25 in chips)
Seat 4: 23b4eb00 ($26.07 in chips)
Seat 5: acce15ca ($26.15 in chips)
Seat 6: Hero ($29.36 in chips)
16ef4d9b: posts small blind $0.1
a7657de4: posts big blind $0.25
*** HOLE CARDS ***
Dealt to 2a634c21 
Dealt to 16ef4d9b 
Dealt to a7657de4 
Dealt to 23b4eb00 
Dealt to acce15ca 
Dealt to Hero [Qc 7d]
23b4eb00: folds
acce15ca: raises $0.25 to $0.5
Hero: folds
2a634c21: folds
16ef4d9b: folds
a7657de4: calls $0.25
*** FLOP *** [7h Jh Qh]
a7657de4: checks
acce15ca: bets $0.25
a7657de4: raises $0.5 to $0.75
acce15ca: raises $2.25 to $3
a7657de4: raises $5.33 to $8.33
acce15ca: folds
Uncalled bet ($5.33) returned to a7657de4
*** SHOWDOWN ***
a7657de4 collected $6.75 from pot
*** SUMMARY ***
Total pot $7.1 | Rake $0.35 | Jackpot $0 | Bingo $0 | Fortune $0 | Tax $0
Board [7h Jh Qh]
Seat 1: 2a634c21 (button) folded before Flop (didn't bet)
Seat 2: 16ef4d9b (small blind) folded before Flop
Seat 3: a7657de4 (big blind) won ($6.75)
Seat 4: 23b4eb00 folded before Flop (didn't bet)
Seat 5: acce15ca folded on the Flop
Seat 6: Hero folded before Flop (didn't bet)


Poker Hand #RC3055414753: Hold'em No Limit ($0.1/$0.25) - 2024/11/10 16:05:44
Table 'RushAndCash4102322' 6-max Seat #1 is the button
Seat 1: 6e9925f6 ($22.63 in chips)
Seat 2: Hero ($29.46 in chips)
Seat 3: 54b3db96 ($24.84 in chips)
Seat 4: 70228eeb ($25.23 in chips)
Seat 5: d08ca4ab ($48.24 in chips)
Seat 6: 7df2d064 ($41.52 in chips)
Hero: posts small blind $0.1
54b3db96: posts big blind $0.25
*** HOLE CARDS ***
Dealt to 6e9925f6 
Dealt to Hero [Td 4c]
Dealt to 54b3db96 
Dealt to 70228eeb 
Dealt to d08ca4ab 
Dealt to 7df2d064 
70228eeb: raises $0.3 to $0.55
d08ca4ab: folds
7df2d064: folds
6e9925f6: folds
Hero: folds
54b3db96: folds
Uncalled bet ($0.3) returned to 70228eeb
*** SHOWDOWN ***
70228eeb collected $0.6 from pot
*** SUMMARY ***
Total pot $0.6 | Rake $0 | Jackpot $0 | Bingo $0 | Fortune $0 | Tax $0
Seat 1: 6e9925f6 (button) folded before Flop (didn't bet)
Seat 2: Hero (small blind) folded before Flop
Seat 3: 54b3db96 (big blind) folded before Flop
Seat 4: 70228eeb collected ($0.6)
Seat 5: d08ca4ab folded before Flop (didn't bet)
Seat 6: 7df2d064 folded before Flop (didn't bet)


Poker Hand #RC3055374447: Hold'em No Limit ($0.1/$0.25) - 2024/11/10 16:05:10
Table 'RushAndCash4102102' 6-max Seat #1 is the button
Seat 1: 7df2d064 ($42.02 in chips)
Seat 2: adf069a ($25 in chips)
Seat 3: Hero ($28.91 in chips)
Seat 4: 79f529ca ($26.07 in chips)
Seat 5: 3e8b9473 ($25.35 in chips)
Seat 6: 2cef5593 ($32.33 in chips)
adf069a: posts small blind $0.1
Hero: posts big blind $0.25
*** HOLE CARDS ***
Dealt to 7df2d064 
Dealt to adf069a 
Dealt to Hero [7c 7d]
Dealt to 79f529ca 
Dealt to 3e8b9473 
Dealt to 2cef5593 
79f529ca: folds
3e8b9473: folds
2cef5593: folds
7df2d064: raises $0.25 to $0.5
adf069a: folds
Hero: raises $2 to $2.5
7df2d064: folds
Uncalled bet ($2) returned to Hero
*** SHOWDOWN ***
Hero collected $1.05 from pot
*** SUMMARY ***
Total pot $1.1 | Rake $0.05 | Jackpot $0 | Bingo $0 | Fortune $0 | Tax $0
Seat 1: 7df2d064 (button) folded before Flop
Seat 2: adf069a (small blind) folded before Flop
Seat 3: Hero (big blind) collected ($1.05)
Seat 4: 79f529ca folded before Flop (didn't bet)
Seat 5: 3e8b9473 folded before Flop (didn't bet)
Seat 6: 2cef5593 folded before Flop (didn't bet)


Poker Hand #RC3055374403: Hold'em No Limit ($0.1/$0.25) - 2024/11/10 16:05:05
Table 'RushAndCash4102072' 6-max Seat #1 is the button
Seat 1: 9906f087 ($34.66 in chips)
Seat 2: b9f43091 ($25 in chips)
Seat 3: 1028594b ($29.28 in chips)
Seat 4: 3750e569 ($37.42 in chips)
Seat 5: f75d2a09 ($12.05 in chips)
Seat 6: Hero ($28.91 in chips)
b9f43091: posts small blind $0.1
1028594b: posts big blind $0.25
*** HOLE CARDS ***
Dealt to 9906f087 
Dealt to b9f43091 
Dealt to 1028594b 
Dealt to 3750e569 
Dealt to f75d2a09 
Dealt to Hero [9h 6h]
3750e569: folds
f75d2a09: raises $0.25 to $0.5
Hero: folds
9906f087: raises $1.5 to $2
b9f43091: folds
1028594b: folds
f75d2a09: folds
Uncalled bet ($1.5) returned to 9906f087
*** SHOWDOWN ***
9906f087 collected $1.29 from pot
*** SUMMARY ***
Total pot $1.35 | Rake $0.06 | Jackpot $0 | Bingo $0 | Fortune $0 | Tax $0
Seat 1: 9906f087 (button) collected ($1.29)
Seat 2: b9f43091 (small blind) folded before Flop
Seat 3: 1028594b (big blind) folded before Flop
Seat 4: 3750e569 folded before Flop (didn't bet)
Seat 5: f75d2a09 folded before Flop
Seat 6: Hero folded before Flop (didn't bet)


Poker Hand #RC3055374366: Hold'em No Limit ($0.1/$0.25) - 2024/11/10 16:05:01
Table 'RushAndCash4102045' 6-max Seat #1 is the button
Seat 1: Hero ($28.91 in chips)
Seat 2: af5e0f2 ($28.08 in chips)
Seat 3: 7bd7fb56 ($44.84 in chips)
Seat 4: 774f4af2 ($26.14 in chips)
Seat 5: 487a64 ($25 in chips)
Seat 6: 801dc1c6 ($31.97 in chips)
af5e0f2: posts small blind $0.1
7bd7fb56: posts big blind $0.25
*** HOLE CARDS ***
Dealt to Hero [Td 8h]
Dealt to af5e0f2 
Dealt to 7bd7fb56 
Dealt to 774f4af2 
Dealt to 487a64 
Dealt to 801dc1c6 
774f4af2: folds
487a64: folds
801dc1c6: raises $0.38 to $0.63
Hero: folds
af5e0f2: folds
7bd7fb56: calls $0.38
*** FLOP *** [8c Qc 7d]
7bd7fb56: checks
801dc1c6: bets $1.07
7bd7fb56: calls $1.07
*** TURN *** [8c Qc 7d] [Kd]
7bd7fb56: checks
801dc1c6: bets $4.2
7bd7fb56: folds
Uncalled bet ($4.2) returned to 801dc1c6
*** SHOWDOWN ***
801dc1c6 collected $3.36 from pot
*** SUMMARY ***
Total pot $3.5 | Rake $0.14 | Jackpot $0 | Bingo $0 | Fortune $0 | Tax $0
Board [8c Qc 7d Kd]
Seat 1: Hero (button) folded before Flop (didn't bet)
Seat 2: af5e0f2 (small blind) folded before Flop
Seat 3: 7bd7fb56 (big blind) folded on the Turn
Seat 4: 774f4af2 folded before Flop (didn't bet)
Seat 5: 487a64 folded before Flop (didn't bet)
Seat 6: 801dc1c6 won ($3.36)


Poker Hand #RC3055374333: Hold'em No Limit ($0.1/$0.25) - 2024/11/10 16:04:57
Table 'RushAndCash4102022' 6-max Seat #1 is the button
Seat 1: ba79b50b ($18.76 in chips)
Seat 2: ad51bd12 ($34.31 in chips)
Seat 3: d8f1d343 ($30.51 in chips)
Seat 4: Hero ($28.91 in chips)
Seat 5: 6c732ee0 ($49.61 in chips)
Seat 6: 54d8dfff ($44.35 in chips)
ad51bd12: posts small blind $0.1
d8f1d343: posts big blind $0.25
*** HOLE CARDS ***
Dealt to ba79b50b 
Dealt to ad51bd12 
Dealt to d8f1d343 
Dealt to Hero [2s Jd]
Dealt to 6c732ee0 
Dealt to 54d8dfff 
Hero: folds
6c732ee0: folds
54d8dfff: folds
ba79b50b: folds
ad51bd12: raises $0.35 to $0.6
d8f1d343: folds
Uncalled bet ($0.35) returned to ad51bd12
*** SHOWDOWN ***
ad51bd12 collected $0.5 from pot
*** SUMMARY ***
Total pot $0.5 | Rake $0 | Jackpot $0 | Bingo $0 | Fortune $0 | Tax $0
Seat 1: ba79b50b (button) folded before Flop (didn't bet)
Seat 2: ad51bd12 (small blind) collected ($0.5)
Seat 3: d8f1d343 (big blind) folded before Flop
Seat 4: Hero folded before Flop (didn't bet)
Seat 5: 6c732ee0 folded before Flop (didn't bet)
Seat 6: 54d8dfff folded before Flop (didn't bet)


Poker Hand #RC3055374223: Hold'em No Limit ($0.1/$0.25) - 2024/11/10 16:04:45
Table 'RushAndCash4101940' 6-max Seat #1 is the button
Seat 1: 496b1cc8 ($25.48 in chips)
Seat 2: f030ee10 ($25 in chips)
Seat 3: ab54fec0 ($65.73 in chips)
Seat 4: 62593ed ($97.72 in chips)
Seat 5: ef2195c ($25 in chips)
Seat 6: Hero ($28.56 in chips)
f030ee10: posts small blind $0.1
ab54fec0: posts big blind $0.25
*** HOLE CARDS ***
Dealt to 496b1cc8 
Dealt to f030ee10 
Dealt to ab54fec0 
Dealt to 62593ed 
Dealt to ef2195c 
Dealt to Hero [6h 8h]
62593ed: folds
ef2195c: folds
Hero: raises $0.38 to $0.63
496b1cc8: folds
f030ee10: folds
ab54fec0: folds
Uncalled bet ($0.38) returned to Hero
*** SHOWDOWN ***
Hero collected $0.6 from pot
*** SUMMARY ***
Total pot $0.6 | Rake $0 | Jackpot $0 | Bingo $0 | Fortune $0 | Tax $0
Seat 1: 496b1cc8 (button) folded before Flop (didn't bet)
Seat 2: f030ee10 (small blind) folded before Flop
Seat 3: ab54fec0 (big blind) folded before Flop
Seat 4: 62593ed folded before Flop (didn't bet)
Seat 5: ef2195c folded before Flop (didn't bet)
Seat 6: Hero collected ($0.6)


Poker Hand #RC3055374182: Hold'em No Limit ($0.1/$0.25) - 2024/11/10 16:04:41
Table 'RushAndCash4101909' 6-max Seat #1 is the button
Seat 1: 18226bcf ($58.81 in chips)
Seat 2: Hero ($28.66 in chips)
Seat 3: 6eb3c39e ($26.17 in chips)
Seat 4: 2e6de47b ($45.05 in chips)
Seat 5: d76cd32 ($34.66 in chips)
Seat 6: a017176 ($65.36 in chips)
Hero: posts small blind $0.1
6eb3c39e: posts big blind $0.25
*** HOLE CARDS ***
Dealt to 18226bcf 
Dealt to Hero [Qd 5h]
Dealt to 6eb3c39e 
Dealt to 2e6de47b 
Dealt to d76cd32 
Dealt to a017176 
2e6de47b: folds
d76cd32: folds
a017176: folds
18226bcf: folds
Hero: folds
Uncalled bet ($0.15) returned to 6eb3c39e
*** SHOWDOWN ***
6eb3c39e collected $0.2 from pot
*** SUMMARY ***
Total pot $0.2 | Rake $0 | Jackpot $0 | Bingo $0 | Fortune $0 | Tax $0
Seat 1: 18226bcf (button) folded before Flop (didn't bet)
Seat 2: Hero (small blind) folded before Flop
Seat 3: 6eb3c39e (big blind) collected ($0.2)
Seat 4: 2e6de47b folded before Flop (didn't bet)
Seat 5: d76cd32 folded before Flop (didn't bet)
Seat 6: a017176 folded before Flop (didn't bet)


Poker Hand #RC3055374120: Hold'em No Limit ($0.1/$0.25) - 2024/11/10 16:04:34
Table 'RushAndCash4101863' 6-max Seat #1 is the button
Seat 1: 21ae2844 ($195.09 in chips)
Seat 2: c44e9a91 ($26.87 in chips)
Seat 3: 435fdc3e ($43.92 in chips)
Seat 4: e7652ded ($60.8 in chips)
Seat 5: fa13d ($20.38 in chips)
Seat 6: Hero ($28.66 in chips)
c44e9a91: posts small blind $0.1
435fdc3e: posts big blind $0.25
*** HOLE CARDS ***
Dealt to 21ae2844 
Dealt to c44e9a91 
Dealt to 435fdc3e 
Dealt to e7652ded 
Dealt to fa13d 
Dealt to Hero [4c Jd]
e7652ded: folds
fa13d: raises $0.5 to $0.75
Hero: folds
21ae2844: folds
c44e9a91: folds
435fdc3e: folds
Uncalled bet ($0.5) returned to fa13d
*** SHOWDOWN ***
fa13d collected $0.6 from pot
*** SUMMARY ***
Total pot $0.6 | Rake $0 | Jackpot $0 | Bingo $0 | Fortune $0 | Tax $0
Seat 1: 21ae2844 (button) folded before Flop (didn't bet)
Seat 2: c44e9a91 (small blind) folded before Flop
Seat 3: 435fdc3e (big blind) folded before Flop
Seat 4: e7652ded folded before Flop (didn't bet)
Seat 5: fa13d collected ($0.6)
Seat 6: Hero folded before Flop (didn't bet)


Poker Hand #RC3055374038: Hold'em No Limit ($0.1/$0.25) - 2024/11/10 16:04:26
Table 'RushAndCash4101802' 6-max Seat #1 is the button
Seat 1: 768d20c5 ($21.16 in chips)
Seat 2: c58ac9fe ($33.84 in chips)
Seat 3: Hero ($28.91 in chips)
Seat 4: 8d62e5df ($27.21 in chips)
Seat 5: 3ea4f5d4 ($35.77 in chips)
Seat 6: 9f093ddd ($18.06 in chips)
c58ac9fe: posts small blind $0.1
Hero: posts big blind $0.25
*** HOLE CARDS ***
Dealt to 768d20c5 
Dealt to c58ac9fe 
Dealt to Hero [6h 9s]
Dealt to 8d62e5df 
Dealt to 3ea4f5d4 
Dealt to 9f093ddd 
8d62e5df: folds
3ea4f5d4: folds
9f093ddd: raises $0.25 to $0.5
768d20c5: folds
c58ac9fe: calls $0.4
Hero: folds
*** FLOP *** [Js Ts 8s]
c58ac9fe: checks
9f093ddd: bets $0.42
c58ac9fe: folds
Uncalled bet ($0.42) returned to 9f093ddd
*** SHOWDOWN ***
9f093ddd collected $1.19 from pot
*** SUMMARY ***
Total pot $1.25 | Rake $0.06 | Jackpot $0 | Bingo $0 | Fortune $0 | Tax $0
Board [Js Ts 8s]
Seat 1: 768d20c5 (button) folded before Flop (didn't bet)
Seat 2: c58ac9fe (small blind) folded on the Flop
Seat 3: Hero (big blind) folded before Flop
Seat 4: 8d62e5df folded before Flop (didn't bet)
Seat 5: 3ea4f5d4 folded before Flop (didn't bet)
Seat 6: 9f093ddd won ($1.19)


Poker Hand #RC3055374000: Hold'em No Limit ($0.1/$0.25) - 2024/11/10 16:04:21
Table 'RushAndCash4101771' 6-max Seat #1 is the button
Seat 1: Hero ($28.91 in chips)
Seat 2: 15b5ee19 ($28.5 in chips)
Seat 3: cc160256 ($25.77 in chips)
Seat 4: 42f35444 ($27.31 in chips)
Seat 5: d14ece9c ($46.24 in chips)
Seat 6: cab6a53f ($30.41 in chips)
15b5ee19: posts small blind $0.1
cc160256: posts big blind $0.25
*** HOLE CARDS ***
Dealt to Hero [2d 6c]
Dealt to 15b5ee19 
Dealt to cc160256 
Dealt to 42f35444 
Dealt to d14ece9c 
Dealt to cab6a53f 
42f35444: folds
d14ece9c: folds
cab6a53f: folds
Hero: folds
15b5ee19: raises $0.5 to $0.75
cc160256: folds
Uncalled bet ($0.5) returned to 15b5ee19
*** SHOWDOWN ***
15b5ee19 collected $0.5 from pot
*** SUMMARY ***
Total pot $0.5 | Rake $0 | Jackpot $0 | Bingo $0 | Fortune $0 | Tax $0
Seat 1: Hero (button) folded before Flop (didn't bet)
Seat 2: 15b5ee19 (small blind) collected ($0.5)
Seat 3: cc160256 (big blind) folded before Flop
Seat 4: 42f35444 folded before Flop (didn't bet)
Seat 5: d14ece9c folded before Flop (didn't bet)
Seat 6: cab6a53f folded before Flop (didn't bet)


Poker Hand #RC3055373683: Hold'em No Limit ($0.1/$0.25) - 2024/11/10 16:03:47
Table 'RushAndCash4101536' 6-max Seat #1 is the button
Seat 1: Hero ($29.54 in chips)
Seat 2: e822a335 ($31.35 in chips)
Seat 3: 9f2cc257 ($34.94 in chips)
Seat 4: 1876993f ($25 in chips)
Seat 5: f6521e7b ($16.59 in chips)
Seat 6: 58401f15 ($25 in chips)
e822a335: posts small blind $0.1
9f2cc257: posts big blind $0.25
*** HOLE CARDS ***
Dealt to Hero [3c 3h]
Dealt to e822a335 
Dealt to 9f2cc257 
Dealt to 1876993f 
Dealt to f6521e7b 
Dealt to 58401f15 
1876993f: folds
f6521e7b: folds
58401f15: folds
Hero: raises $0.38 to $0.63
e822a335: folds
9f2cc257: calls $0.38
*** FLOP *** [Td 8c 7s]
9f2cc257: bets $0.45
Hero: folds
Uncalled bet ($0.45) returned to 9f2cc257
*** SHOWDOWN ***
9f2cc257 collected $1.3 from pot
*** SUMMARY ***
Total pot $1.36 | Rake $0.06 | Jackpot $0 | Bingo $0 | Fortune $0 | Tax $0
Board [Td 8c 7s]
Seat 1: Hero (button) folded on the Flop
Seat 2: e822a335 (small blind) folded before Flop
Seat 3: 9f2cc257 (big blind) won ($1.3)
Seat 4: 1876993f folded before Flop (didn't bet)
Seat 5: f6521e7b folded before Flop (didn't bet)
Seat 6: 58401f15 folded before Flop (didn't bet)


Poker Hand #RC3055373646: Hold'em No Limit ($0.1/$0.25) - 2024/11/10 16:03:43
Table 'RushAndCash4101510' 6-max Seat #1 is the button
Seat 1: 9579f90e ($25 in chips)
Seat 2: e9e998f6 ($41.04 in chips)
Seat 3: da1289a1 ($40.03 in chips)
Seat 4: 8dbe455 ($26.96 in chips)
Seat 5: 199e1560 ($24.57 in chips)
Seat 6: Hero ($29.54 in chips)
e9e998f6: posts small blind $0.1
da1289a1: posts big blind $0.25
*** HOLE CARDS ***
Dealt to 9579f90e 
Dealt to e9e998f6 
Dealt to da1289a1 
Dealt to 8dbe455 
Dealt to 199e1560 
Dealt to Hero [3s Qc]
8dbe455: folds
199e1560: folds
Hero: folds
9579f90e: raises $0.25 to $0.5
e9e998f6: folds
da1289a1: calls $0.25
*** FLOP *** [2s 8h 5s]
da1289a1: bets $0.33
9579f90e: calls $0.33
*** TURN *** [2s 8h 5s] [7s]
da1289a1: checks
9579f90e: checks
*** RIVER *** [2s 8h 5s 7s] [2h]
da1289a1: bets $2.64
9579f90e: folds
Uncalled bet ($2.64) returned to da1289a1
*** SHOWDOWN ***
da1289a1 collected $1.68 from pot
*** SUMMARY ***
Total pot $1.76 | Rake $0.08 | Jackpot $0 | Bingo $0 | Fortune $0 | Tax $0
Board [2s 8h 5s 7s 2h]
Seat 1: 9579f90e (button) folded on the River
Seat 2: e9e998f6 (small blind) folded before Flop
Seat 3: da1289a1 (big blind) won ($1.68)
Seat 4: 8dbe455 folded before Flop (didn't bet)
Seat 5: 199e1560 folded before Flop (didn't bet)
Seat 6: Hero folded before Flop (didn't bet)


Poker Hand #RC3055373077: Hold'em No Limit ($0.1/$0.25) - 2024/11/10 16:02:42
Table 'RushAndCash4101100' 6-max Seat #1 is the button
Seat 1: 8b25ea3e ($29.15 in chips)
Seat 2: d8f1d343 ($30.64 in chips)
Seat 3: 49e199d4 ($35.49 in chips)
Seat 4: fbbb8f35 ($87.75 in chips)
Seat 5: Hero ($27.34 in chips)
Seat 6: 56a918d2 ($31.85 in chips)
d8f1d343: posts small blind $0.1
49e199d4: posts big blind $0.25
*** HOLE CARDS ***
Dealt to 8b25ea3e 
Dealt to d8f1d343 
Dealt to 49e199d4 
Dealt to fbbb8f35 
Dealt to Hero [Qs Js]
Dealt to 56a918d2 
fbbb8f35: folds
Hero: raises $0.38 to $0.63
56a918d2: folds
8b25ea3e: folds
d8f1d343: folds
49e199d4: calls $0.38
*** FLOP *** [2s 4d 5h]
49e199d4: checks
Hero: checks
*** TURN *** [2s 4d 5h] [Jc]
49e199d4: bets $0.45
Hero: calls $0.45
*** RIVER *** [2s 4d 5h Jc] [Ts]
49e199d4: checks
Hero: bets $1.25
49e199d4: calls $1.25
Hero: shows [Qs Js] (Pair of Jacks)
49e199d4: shows [Ah 4c] (Pair of Fours)
*** SHOWDOWN ***
Hero collected $4.53 from pot
*** SUMMARY ***
Total pot $4.76 | Rake $0.23 | Jackpot $0 | Bingo $0 | Fortune $0 | Tax $0
Board [2s 4d 5h Jc Ts]
Seat 1: 8b25ea3e (button) folded before Flop (didn't bet)
Seat 2: d8f1d343 (small blind) folded before Flop
Seat 3: 49e199d4 (big blind) showed [Ah 4c] and lost with Pair of Fours
Seat 4: fbbb8f35 folded before Flop (didn't bet)
Seat 5: Hero showed [Qs Js] and won ($4.53) with Pair of Jacks
Seat 6: 56a918d2 folded before Flop (didn't bet)


Poker Hand #RC3055373036: Hold'em No Limit ($0.1/$0.25) - 2024/11/10 16:02:37
Table 'RushAndCash4101070' 6-max Seat #1 is the button
Seat 1: cab6a53f ($30.81 in chips)
Seat 2: Hero ($27.44 in chips)
Seat 3: ffbc769b ($40.97 in chips)
Seat 4: f844c80c ($26.15 in chips)
Seat 5: 4a654dba ($25.44 in chips)
Seat 6: 341ce88d ($10.8 in chips)
Hero: posts small blind $0.1
ffbc769b: posts big blind $0.25
*** HOLE CARDS ***
Dealt to cab6a53f 
Dealt to Hero [8d Kh]
Dealt to ffbc769b 
Dealt to f844c80c 
Dealt to 4a654dba 
Dealt to 341ce88d 
f844c80c: folds
4a654dba: folds
341ce88d: folds
cab6a53f: raises $0.25 to $0.5
Hero: folds
ffbc769b: folds
Uncalled bet ($0.25) returned to cab6a53f
*** SHOWDOWN ***
cab6a53f collected $0.6 from pot
*** SUMMARY ***
Total pot $0.6 | Rake $0 | Jackpot $0 | Bingo $0 | Fortune $0 | Tax $0
Seat 1: cab6a53f (button) collected ($0.6)
Seat 2: Hero (small blind) folded before Flop
Seat 3: ffbc769b (big blind) folded before Flop
Seat 4: f844c80c folded before Flop (didn't bet)
Seat 5: 4a654dba folded before Flop (didn't bet)
Seat 6: 341ce88d folded before Flop (didn't bet)


Poker Hand #RC3055372439: Hold'em No Limit ($0.1/$0.25) - 2024/11/10 16:01:30
Table 'RushAndCash4100636' 6-max Seat #1 is the button
Seat 1: b4840d6a ($25 in chips)
Seat 2: a017176 ($70.62 in chips)
Seat 3: Hero ($25.2 in chips)
Seat 4: 392b0e2f ($25 in chips)
Seat 5: 1688ee87 ($26.55 in chips)
Seat 6: 493dfff8 ($41.24 in chips)
a017176: posts small blind $0.1
Hero: posts big blind $0.25
*** HOLE CARDS ***
Dealt to b4840d6a 
Dealt to a017176 
Dealt to Hero [8d 6d]
Dealt to 392b0e2f 
Dealt to 1688ee87 
Dealt to 493dfff8 
392b0e2f: folds
1688ee87: folds
493dfff8: folds
b4840d6a: raises $0.38 to $0.63
a017176: folds
Hero: calls $0.38
*** FLOP *** [Kc 3s 7c]
Hero: checks
b4840d6a: bets $0.5
Hero: raises $1.25 to $1.75
b4840d6a: calls $1.25
*** TURN *** [Kc 3s 7c] [5d]
Hero: bets $3.65
b4840d6a: folds
Uncalled bet ($3.65) returned to Hero
*** SHOWDOWN ***
Hero collected $4.62 from pot
*** SUMMARY ***
Total pot $4.86 | Rake $0.24 | Jackpot $0 | Bingo $0 | Fortune $0 | Tax $0
Board [Kc 3s 7c 5d]
Seat 1: b4840d6a (button) folded on the Turn
Seat 2: a017176 (small blind) folded before Flop
Seat 3: Hero (big blind) won ($4.62)
Seat 4: 392b0e2f folded before Flop (didn't bet)
Seat 5: 1688ee87 folded before Flop (didn't bet)
Seat 6: 493dfff8 folded before Flop (didn't bet)


Poker Hand #RC3055372390: Hold'em No Limit ($0.1/$0.25) - 2024/11/10 16:01:25
Table 'RushAndCash4100600' 6-max Seat #1 is the button
Seat 1: c6cc2b79 ($27.36 in chips)
Seat 2: 9fcd326c ($29.65 in chips)
Seat 3: bab83d75 ($66.22 in chips)
Seat 4: 97903dc1 ($42.38 in chips)
Seat 5: Hero ($25.2 in chips)
Seat 6: 90621d7b ($44.45 in chips)
9fcd326c: posts small blind $0.1
bab83d75: posts big blind $0.25
*** HOLE CARDS ***
Dealt to c6cc2b79 
Dealt to 9fcd326c 
Dealt to bab83d75 
Dealt to 97903dc1 
Dealt to Hero [Qc 9c]
Dealt to 90621d7b 
97903dc1: raises $0.38 to $0.63
Hero: folds
90621d7b: folds
c6cc2b79: calls $0.63
9fcd326c: calls $0.53
bab83d75: calls $0.38
*** FLOP *** [4s 3d 2s]
9fcd326c: checks
bab83d75: checks
97903dc1: bets $0.84
c6cc2b79: calls $0.84
9fcd326c: calls $0.84
bab83d75: calls $0.84
*** TURN *** [4s 3d 2s] [6d]
9fcd326c: checks
bab83d75: checks
97903dc1: checks
c6cc2b79: checks
*** RIVER *** [4s 3d 2s 6d] [Qd]
9fcd326c: checks
bab83d75: bets $2.94
97903dc1: folds
c6cc2b79: folds
9fcd326c: folds
Uncalled bet ($2.94) returned to bab83d75
*** SHOWDOWN ***
bab83d75 collected $5.59 from pot
*** SUMMARY ***
Total pot $5.88 | Rake $0.29 | Jackpot $0 | Bingo $0 | Fortune $0 | Tax $0
Board [4s 3d 2s 6d Qd]
Seat 1: c6cc2b79 (button) folded on the River
Seat 2: 9fcd326c (small blind) folded on the River
Seat 3: bab83d75 (big blind) won ($5.59)
Seat 4: 97903dc1 folded on the River
Seat 5: Hero folded before Flop (didn't bet)
Seat 6: 90621d7b folded before Flop (didn't bet)


Poker Hand #RC3055372338: Hold'em No Limit ($0.1/$0.25) - 2024/11/10 16:01:19
Table 'RushAndCash4100561' 6-max Seat #1 is the button
Seat 1: 2f89be1f ($50.73 in chips)
Seat 2: 5d04af9 ($33.91 in chips)
Seat 3: ae85d2ff ($99.53 in chips)
Seat 4: Hero ($25.2 in chips)
Seat 5: 4eaa6d9e ($14.05 in chips)
Seat 6: b378ac5 ($26.9 in chips)
5d04af9: posts small blind $0.1
ae85d2ff: posts big blind $0.25
*** HOLE CARDS ***
Dealt to 2f89be1f 
Dealt to 5d04af9 
Dealt to ae85d2ff 
Dealt to Hero [7d Ks]
Dealt to 4eaa6d9e 
Dealt to b378ac5 
Hero: folds
4eaa6d9e: folds
b378ac5: folds
2f89be1f: raises $0.25 to $0.5
5d04af9: folds
ae85d2ff: folds
Uncalled bet ($0.25) returned to 2f89be1f
*** SHOWDOWN ***
2f89be1f collected $0.6 from pot
*** SUMMARY ***
Total pot $0.6 | Rake $0 | Jackpot $0 | Bingo $0 | Fortune $0 | Tax $0
Seat 1: 2f89be1f (button) collected ($0.6)
Seat 2: 5d04af9 (small blind) folded before Flop
Seat 3: ae85d2ff (big blind) folded before Flop
Seat 4: Hero folded before Flop (didn't bet)
Seat 5: 4eaa6d9e folded before Flop (didn't bet)
Seat 6: b378ac5 folded before Flop (didn't bet)


Poker Hand #RC3055372306: Hold'em No Limit ($0.1/$0.25) - 2024/11/10 16:01:16
Table 'RushAndCash4100538' 6-max Seat #1 is the button
Seat 1: 5bc2836d ($14.39 in chips)
Seat 2: ef492f3a ($29.73 in chips)
Seat 3: f164338 ($26.14 in chips)
Seat 4: 42375bf5 ($18.19 in chips)
Seat 5: Hero ($25.2 in chips)
Seat 6: 286eff1a ($25.45 in chips)
ef492f3a: posts small blind $0.1
f164338: posts big blind $0.25
*** HOLE CARDS ***
Dealt to 5bc2836d 
Dealt to ef492f3a 
Dealt to f164338 
Dealt to 42375bf5 
Dealt to Hero [7s Ac]
Dealt to 286eff1a 
42375bf5: folds
Hero: folds
286eff1a: folds
5bc2836d: folds
ef492f3a: raises $0.25 to $0.5
f164338: folds
Uncalled bet ($0.25) returned to ef492f3a
*** SHOWDOWN ***
ef492f3a collected $0.5 from pot
*** SUMMARY ***
Total pot $0.5 | Rake $0 | Jackpot $0 | Bingo $0 | Fortune $0 | Tax $0
Seat 1: 5bc2836d (button) folded before Flop (didn't bet)
Seat 2: ef492f3a (small blind) collected ($0.5)
Seat 3: f164338 (big blind) folded before Flop
Seat 4: 42375bf5 folded before Flop (didn't bet)
Seat 5: Hero folded before Flop (didn't bet)
Seat 6: 286eff1a folded before Flop (didn't bet)


Poker Hand #RC3055372270: Hold'em No Limit ($0.1/$0.25) - 2024/11/10 16:01:12
Table 'RushAndCash4100512' 6-max Seat #1 is the button
Seat 1: Hero ($25.2 in chips)
Seat 2: 56316a7e ($33.79 in chips)
Seat 3: 7b95a7c0 ($83.19 in chips)
Seat 4: a1b092b ($23.68 in chips)
Seat 5: b700d904 ($22.25 in chips)
Seat 6: b378ac5 ($26.9 in chips)
56316a7e: posts small blind $0.1
7b95a7c0: posts big blind $0.25
*** HOLE CARDS ***
Dealt to Hero [5d Qs]
Dealt to 56316a7e 
Dealt to 7b95a7c0 
Dealt to a1b092b 
Dealt to b700d904 
Dealt to b378ac5 
a1b092b: folds
b700d904: raises $0.3 to $0.55
b378ac5: folds
Hero: folds
56316a7e: folds
7b95a7c0: folds
Uncalled bet ($0.3) returned to b700d904
*** SHOWDOWN ***
b700d904 collected $0.6 from pot
*** SUMMARY ***
Total pot $0.6 | Rake $0 | Jackpot $0 | Bingo $0 | Fortune $0 | Tax $0
Seat 1: Hero (button) folded before Flop (didn't bet)
Seat 2: 56316a7e (small blind) folded before Flop
Seat 3: 7b95a7c0 (big blind) folded before Flop
Seat 4: a1b092b folded before Flop (didn't bet)
Seat 5: b700d904 collected ($0.6)
Seat 6: b378ac5 folded before Flop (didn't bet)


Poker Hand #RC3055372160: Hold'em No Limit ($0.1/$0.25) - 2024/11/10 16:01:01
Table 'RushAndCash4100428' 6-max Seat #1 is the button
Seat 1: 7b95a7c0 ($83.19 in chips)
Seat 2: Hero ($25.3 in chips)
Seat 3: e2bac629 ($25 in chips)
Seat 4: a1e5b26d ($75.58 in chips)
Seat 5: 8a0f21c6 ($25 in chips)
Seat 6: 2f89be1f ($49.93 in chips)
Hero: posts small blind $0.1
e2bac629: posts big blind $0.25
*** HOLE CARDS ***
Dealt to 7b95a7c0 
Dealt to Hero [2h Jc]
Dealt to e2bac629 
Dealt to a1e5b26d 
Dealt to 8a0f21c6 
Dealt to 2f89be1f 
a1e5b26d: folds
8a0f21c6: raises $0.25 to $0.5
2f89be1f: raises $1.25 to $1.75
7b95a7c0: folds
Hero: folds
e2bac629: folds
8a0f21c6: folds
Uncalled bet ($1.25) returned to 2f89be1f
*** SHOWDOWN ***
2f89be1f collected $1.3 from pot
*** SUMMARY ***
Total pot $1.35 | Rake $0.05 | Jackpot $0 | Bingo $0 | Fortune $0 | Tax $0
Seat 1: 7b95a7c0 (button) folded before Flop (didn't bet)
Seat 2: Hero (small blind) folded before Flop
Seat 3: e2bac629 (big blind) folded before Flop
Seat 4: a1e5b26d folded before Flop (didn't bet)
Seat 5: 8a0f21c6 folded before Flop
Seat 6: 2f89be1f collected ($1.3)


Poker Hand #RC3055372076: Hold'em No Limit ($0.1/$0.25) - 2024/11/10 16:00:51
Table 'RushAndCash4100362' 6-max Seat #1 is the button
Seat 1: 315f2833 ($25 in chips)
Seat 2: 6d754b66 ($25 in chips)
Seat 3: Hero ($25.55 in chips)
Seat 4: c5a4edc ($25 in chips)
Seat 5: a1e035a2 ($25 in chips)
Seat 6: 768d20c5 ($20.36 in chips)
6d754b66: posts small blind $0.1
Hero: posts big blind $0.25
*** HOLE CARDS ***
Dealt to 315f2833 
Dealt to 6d754b66 
Dealt to Hero [Th 7s]
Dealt to c5a4edc 
Dealt to a1e035a2 
Dealt to 768d20c5 
c5a4edc: folds
a1e035a2: folds
768d20c5: folds
315f2833: raises $0.25 to $0.5
6d754b66: folds
Hero: folds
Uncalled bet ($0.25) returned to 315f2833
*** SHOWDOWN ***
315f2833 collected $0.6 from pot
*** SUMMARY ***
Total pot $0.6 | Rake $0 | Jackpot $0 | Bingo $0 | Fortune $0 | Tax $0
Seat 1: 315f2833 (button) collected ($0.6)
Seat 2: 6d754b66 (small blind) folded before Flop
Seat 3: Hero (big blind) folded before Flop
Seat 4: c5a4edc folded before Flop (didn't bet)
Seat 5: a1e035a2 folded before Flop (didn't bet)
Seat 6: 768d20c5 folded before Flop (didn't bet)


Poker Hand #RC3055372039: Hold'em No Limit ($0.1/$0.25) - 2024/11/10 16:00:47
Table 'RushAndCash4100335' 6-max Seat #1 is the button
Seat 1: ccbcefaa ($30.62 in chips)
Seat 2: 9b404ede ($30.35 in chips)
Seat 3: ddf5c8a4 ($27.3 in chips)
Seat 4: c58ac9fe ($29.66 in chips)
Seat 5: a2a0ee7d ($27.42 in chips)
Seat 6: Hero ($25.55 in chips)
9b404ede: posts small blind $0.1
ddf5c8a4: posts big blind $0.25
*** HOLE CARDS ***
Dealt to ccbcefaa 
Dealt to 9b404ede 
Dealt to ddf5c8a4 
Dealt to c58ac9fe 
Dealt to a2a0ee7d 
Dealt to Hero [2h Jc]
c58ac9fe: folds
a2a0ee7d: raises $0.25 to $0.5
Hero: folds
ccbcefaa: calls $0.5
9b404ede: folds
ddf5c8a4: calls $0.25
*** FLOP *** [9d Qd 7d]
ddf5c8a4: checks
a2a0ee7d: checks
ccbcefaa: bets $1.06
ddf5c8a4: folds
a2a0ee7d: folds
Uncalled bet ($1.06) returned to ccbcefaa
*** SHOWDOWN ***
ccbcefaa collected $1.51 from pot
*** SUMMARY ***
Total pot $1.6 | Rake $0.09 | Jackpot $0 | Bingo $0 | Fortune $0 | Tax $0
Board [9d Qd 7d]
Seat 1: ccbcefaa (button) won ($1.51)
Seat 2: 9b404ede (small blind) folded before Flop
Seat 3: ddf5c8a4 (big blind) folded on the Flop
Seat 4: c58ac9fe folded before Flop (didn't bet)
Seat 5: a2a0ee7d folded on the Flop
Seat 6: Hero folded before Flop (didn't bet)


Poker Hand #RC3055372012: Hold'em No Limit ($0.1/$0.25) - 2024/11/10 16:00:44
Table 'RushAndCash4100315' 6-max Seat #1 is the button
Seat 1: 15417f9d ($15.49 in chips)
Seat 2: c2c28323 ($39.54 in chips)
Seat 3: 313ec339 ($24.62 in chips)
Seat 4: Hero ($25.55 in chips)
Seat 5: e8e9b566 ($25 in chips)
Seat 6: 80384f02 ($56.09 in chips)
c2c28323: posts small blind $0.1
313ec339: posts big blind $0.25
*** HOLE CARDS ***
Dealt to 15417f9d 
Dealt to c2c28323 
Dealt to 313ec339 
Dealt to Hero [6d Td]
Dealt to e8e9b566 
Dealt to 80384f02 
Hero: folds
e8e9b566: folds
80384f02: folds
15417f9d: folds
c2c28323: folds
Uncalled bet ($0.15) returned to 313ec339
*** SHOWDOWN ***
313ec339 collected $0.2 from pot
*** SUMMARY ***
Total pot $0.2 | Rake $0 | Jackpot $0 | Bingo $0 | Fortune $0 | Tax $0
Seat 1: 15417f9d (button) folded before Flop (didn't bet)
Seat 2: c2c28323 (small blind) folded before Flop
Seat 3: 313ec339 (big blind) collected ($0.2)
Seat 4: Hero folded before Flop (didn't bet)
Seat 5: e8e9b566 folded before Flop (didn't bet)
Seat 6: 80384f02 folded before Flop (didn't bet)


Poker Hand #RC3055371945: Hold'em No Limit ($0.1/$0.25) - 2024/11/10 16:00:36
Table 'RushAndCash4100268' 6-max Seat #1 is the button
Seat 1: 75ac1010 ($22.59 in chips)
Seat 2: fee1f80f ($28.07 in chips)
Seat 3: bb112265 ($43.81 in chips)
Seat 4: 18a1053 ($24.73 in chips)
Seat 5: Hero ($25.55 in chips)
Seat 6: 465818a5 ($25.45 in chips)
fee1f80f: posts small blind $0.1
bb112265: posts big blind $0.25
*** HOLE CARDS ***
Dealt to 75ac1010 
Dealt to fee1f80f 
Dealt to bb112265 
Dealt to 18a1053 
Dealt to Hero [2h Ks]
Dealt to 465818a5 
18a1053: folds
Hero: folds
465818a5: raises $0.38 to $0.63
75ac1010: folds
fee1f80f: calls $0.53
bb112265: folds
*** FLOP *** [9s Tc Th]
fee1f80f: checks
465818a5: bets $0.76
fee1f80f: calls $0.76
*** TURN *** [9s Tc Th] [Td]
fee1f80f: checks
465818a5: checks
*** RIVER *** [9s Tc Th Td] [2c]
fee1f80f: checks
465818a5: checks
fee1f80f: shows [5s 5h] (Tens Full over Fives)
465818a5: shows [Ah Kd] (Three Tens)
*** SHOWDOWN ***
fee1f80f collected $2.88 from pot
*** SUMMARY ***
Total pot $3.03 | Rake $0.15 | Jackpot $0 | Bingo $0 | Fortune $0 | Tax $0
Board [9s Tc Th Td 2c]
Seat 1: 75ac1010 (button) folded before Flop (didn't bet)
Seat 2: fee1f80f (small blind) showed [5s 5h] and won ($2.88) with Tens Full over Fives
Seat 3: bb112265 (big blind) folded before Flop
Seat 4: 18a1053 folded before Flop (didn't bet)
Seat 5: Hero folded before Flop (didn't bet)
Seat 6: 465818a5 showed [Ah Kd] and lost with Three Tens


Poker Hand #RC3055371872: Hold'em No Limit ($0.1/$0.25) - 2024/11/10 16:00:28
Table 'RushAndCash4100219' 6-max Seat #1 is the button
Seat 1: a017176 ($69.85 in chips)
Seat 2: b38da5b6 ($30.76 in chips)
Seat 3: Hero ($25.8 in chips)
Seat 4: b06d1d1d ($39.29 in chips)
Seat 5: 588e8e89 ($32.27 in chips)
Seat 6: eb804708 ($28.03 in chips)
b38da5b6: posts small blind $0.1
Hero: posts big blind $0.25
*** HOLE CARDS ***
Dealt to a017176 
Dealt to b38da5b6 
Dealt to Hero [9c Jh]
Dealt to b06d1d1d 
Dealt to 588e8e89 
Dealt to eb804708 
b06d1d1d: raises $0.38 to $0.63
588e8e89: folds
eb804708: folds
a017176: folds
b38da5b6: folds
Hero: folds
Uncalled bet ($0.38) returned to b06d1d1d
*** SHOWDOWN ***
b06d1d1d collected $0.6 from pot
*** SUMMARY ***
Total pot $0.6 | Rake $0 | Jackpot $0 | Bingo $0 | Fortune $0 | Tax $0
Seat 1: a017176 (button) folded before Flop (didn't bet)
Seat 2: b38da5b6 (small blind) folded before Flop
Seat 3: Hero (big blind) folded before Flop
Seat 4: b06d1d1d collected ($0.6)
Seat 5: 588e8e89 folded before Flop (didn't bet)
Seat 6: eb804708 folded before Flop (didn't bet)


Poker Hand #RC3055371811: Hold'em No Limit ($0.1/$0.25) - 2024/11/10 16:00:21
Table 'RushAndCash4100175' 6-max Seat #1 is the button
Seat 1: 3901e847 ($29.12 in chips)
Seat 2: Hero ($25.9 in chips)
Seat 3: fc22daa8 ($45.89 in chips)
Seat 4: 56a918d2 ($37.18 in chips)
Seat 5: cc160256 ($25 in chips)
Seat 6: 12c2525d ($26.14 in chips)
Hero: posts small blind $0.1
fc22daa8: posts big blind $0.25
*** HOLE CARDS ***
Dealt to 3901e847 
Dealt to Hero [3s Qs]
Dealt to fc22daa8 
Dealt to 56a918d2 
Dealt to cc160256 
Dealt to 12c2525d 
56a918d2: raises $0.25 to $0.5
cc160256: folds
12c2525d: folds
3901e847: folds
Hero: folds
fc22daa8: calls $0.25
*** FLOP *** [6c 9h 8s]
fc22daa8: checks
56a918d2: bets $0.37
fc22daa8: folds
Uncalled bet ($0.37) returned to 56a918d2
*** SHOWDOWN ***
56a918d2 collected $1.05 from pot
*** SUMMARY ***
Total pot $1.1 | Rake $0.05 | Jackpot $0 | Bingo $0 | Fortune $0 | Tax $0
Board [6c 9h 8s]
Seat 1: 3901e847 (button) folded before Flop (didn't bet)
Seat 2: Hero (small blind) folded before Flop
Seat 3: fc22daa8 (big blind) folded on the Flop
Seat 4: 56a918d2 won ($1.05)
Seat 5: cc160256 folded before Flop (didn't bet)
Seat 6: 12c2525d folded before Flop (didn't bet)


Poker Hand #RC3055371717: Hold'em No Limit ($0.1/$0.25) - 2024/11/10 16:00:10
Table 'RushAndCash4100107' 6-max Seat #1 is the button
Seat 1: Hero ($25.9 in chips)
Seat 2: 923edb7f ($35.38 in chips)
Seat 3: 156b99f5 ($25.67 in chips)
Seat 4: 41b38f9b ($31.17 in chips)
Seat 5: ea36c63 ($90.04 in chips)
Seat 6: a72e7086 ($54.9 in chips)
923edb7f: posts small blind $0.1
156b99f5: posts big blind $0.25
*** HOLE CARDS ***
Dealt to Hero [5s Ac]
Dealt to 923edb7f 
Dealt to 156b99f5 
Dealt to 41b38f9b 
Dealt to ea36c63 
Dealt to a72e7086 
41b38f9b: folds
ea36c63: raises $0.38 to $0.63
a72e7086: folds
Hero: folds
923edb7f: folds
156b99f5: folds
Uncalled bet ($0.38) returned to ea36c63
*** SHOWDOWN ***
ea36c63 collected $0.6 from pot
*** SUMMARY ***
Total pot $0.6 | Rake $0 | Jackpot $0 | Bingo $0 | Fortune $0 | Tax $0
Seat 1: Hero (button) folded before Flop (didn't bet)
Seat 2: 923edb7f (small blind) folded before Flop
Seat 3: 156b99f5 (big blind) folded before Flop
Seat 4: 41b38f9b folded before Flop (didn't bet)
Seat 5: ea36c63 collected ($0.6)
Seat 6: a72e7086 folded before Flop (didn't bet)


Poker Hand #RC3055371665: Hold'em No Limit ($0.1/$0.25) - 2024/11/10 16:00:04
Table 'RushAndCash4100070' 6-max Seat #1 is the button
Seat 1: e378ac1e ($29.03 in chips)
Seat 2: fc40fe7b ($28.36 in chips)
Seat 3: 6fb5a618 ($27.54 in chips)
Seat 4: b9f43091 ($25 in chips)
Seat 5: Hero ($25.9 in chips)
Seat 6: 7223ebeb ($20.4 in chips)
fc40fe7b: posts small blind $0.1
6fb5a618: posts big blind $0.25
*** HOLE CARDS ***
Dealt to e378ac1e 
Dealt to fc40fe7b 
Dealt to 6fb5a618 
Dealt to b9f43091 
Dealt to Hero [7s Js]
Dealt to 7223ebeb 
b9f43091: folds
Hero: folds
7223ebeb: folds
e378ac1e: raises $0.38 to $0.63
fc40fe7b: folds
6fb5a618: folds
Uncalled bet ($0.38) returned to e378ac1e
*** SHOWDOWN ***
e378ac1e collected $0.6 from pot
*** SUMMARY ***
Total pot $0.6 | Rake $0 | Jackpot $0 | Bingo $0 | Fortune $0 | Tax $0
Seat 1: e378ac1e (button) collected ($0.6)
Seat 2: fc40fe7b (small blind) folded before Flop
Seat 3: 6fb5a618 (big blind) folded before Flop
Seat 4: b9f43091 folded before Flop (didn't bet)
Seat 5: Hero folded before Flop (didn't bet)
Seat 6: 7223ebeb folded before Flop (didn't bet)


Poker Hand #RC3055371625: Hold'em No Limit ($0.1/$0.25) - 2024/11/10 16:00:00
Table 'RushAndCash4100042' 6-max Seat #1 is the button
Seat 1: b700d904 ($27.45 in chips)
Seat 2: 45d94b04 ($30.35 in chips)
Seat 3: 38e96418 ($25 in chips)
Seat 4: b38da5b6 ($31.36 in chips)
Seat 5: Hero ($25.9 in chips)
Seat 6: 62593ed ($97.08 in chips)
45d94b04: posts small blind $0.1
38e96418: posts big blind $0.25
*** HOLE CARDS ***
Dealt to b700d904 
Dealt to 45d94b04 
Dealt to 38e96418 
Dealt to b38da5b6 
Dealt to Hero [2c 7d]
Dealt to 62593ed 
b38da5b6: folds
Hero: folds
62593ed: folds
b700d904: folds
45d94b04: raises $0.38 to $0.63
38e96418: raises $1.26 to $1.89
45d94b04: folds
Uncalled bet ($1.26) returned to 38e96418
*** SHOWDOWN ***
38e96418 collected $1.2 from pot
*** SUMMARY ***
Total pot $1.26 | Rake $0.06 | Jackpot $0 | Bingo $0 | Fortune $0 | Tax $0
Seat 1: b700d904 (button) folded before Flop (didn't bet)
Seat 2: 45d94b04 (small blind) folded before Flop
Seat 3: 38e96418 (big blind) collected ($1.2)
Seat 4: b38da5b6 folded before Flop (didn't bet)
Seat 5: Hero folded before Flop (didn't bet)
Seat 6: 62593ed folded before Flop (didn't bet)


Poker Hand #RC3055371396: Hold'em No Limit ($0.1/$0.25) - 2024/11/10 15:59:35
Table 'RushAndCash4099876' 6-max Seat #1 is the button
Seat 1: Hero ($25 in chips)
Seat 2: 87fa80c3 ($17.31 in chips)
Seat 3: fbc59bad ($28.44 in chips)
Seat 4: 156b99f5 ($27.41 in chips)
Seat 5: b4840d6a ($25 in chips)
Seat 6: 45d94b04 ($30.98 in chips)
87fa80c3: posts small blind $0.1
fbc59bad: posts big blind $0.25
*** HOLE CARDS ***
Dealt to Hero [9h 9c]
Dealt to 87fa80c3 
Dealt to fbc59bad 
Dealt to 156b99f5 
Dealt to b4840d6a 
Dealt to 45d94b04 
156b99f5: folds
b4840d6a: folds
45d94b04: raises $0.38 to $0.63
Hero: raises $1.24 to $1.87
87fa80c3: folds
fbc59bad: folds
45d94b04: folds
Uncalled bet ($1.24) returned to Hero
*** SHOWDOWN ***
Hero collected $1.53 from pot
*** SUMMARY ***
Total pot $1.61 | Rake $0.08 | Jackpot $0 | Bingo $0 | Fortune $0 | Tax $0
Seat 1: Hero (button) collected ($1.53)
Seat 2: 87fa80c3 (small blind) folded before Flop
Seat 3: fbc59bad (big blind) folded before Flop
Seat 4: 156b99f5 folded before Flop (didn't bet)
Seat 5: b4840d6a folded before Flop (didn't bet)
Seat 6: 45d94b04 folded before Flop


Poker Hand #RC3055371345: Hold'em No Limit ($0.1/$0.25) - 2024/11/10 15:59:29
Table 'RushAndCash4099841' 6-max Seat #1 is the button
Seat 1: cfd6d21d ($16.29 in chips)
Seat 2: ad51bd12 ($25 in chips)
Seat 3: 3ea4f5d4 ($24.89 in chips)
Seat 4: 4dc05029 ($26.38 in chips)
Seat 5: Hero ($25 in chips)
Seat 6: 3750e569 ($42.24 in chips)
ad51bd12: posts small blind $0.1
3ea4f5d4: posts big blind $0.25
*** HOLE CARDS ***
Dealt to cfd6d21d 
Dealt to ad51bd12 
Dealt to 3ea4f5d4 
Dealt to 4dc05029 
Dealt to Hero [9h 5s]
Dealt to 3750e569 
4dc05029: folds
Hero: folds
3750e569: raises $0.38 to $0.63
cfd6d21d: calls $0.63
ad51bd12: folds
3ea4f5d4: folds
*** FLOP *** [Kd Td 3h]
3750e569: bets $0.75
cfd6d21d: calls $0.75
*** TURN *** [Kd Td 3h] [Tc]
3750e569: checks
cfd6d21d: bets $2.2
3750e569: calls $2.2
*** RIVER *** [Kd Td 3h Tc] [Jd]
3750e569: checks
cfd6d21d: checks
3750e569: shows [Kc Ks] (Kings Full over Tens)
cfd6d21d: shows [Qc Jc] (Pair of Jacks and Pair of Tens)
*** SHOWDOWN ***
3750e569 collected $6.79 from pot
*** SUMMARY ***
Total pot $7.51 | Rake $0.35 | Jackpot $0.37 | Bingo $0 | Fortune $0 | Tax $0
Board [Kd Td 3h Tc Jd]
Seat 1: cfd6d21d (button) showed [Qc Jc] and lost with Pair of Jacks and Pair of Tens
Seat 2: ad51bd12 (small blind) folded before Flop
Seat 3: 3ea4f5d4 (big blind) folded before Flop
Seat 4: 4dc05029 folded before Flop (didn't bet)
Seat 5: Hero folded before Flop (didn't bet)
Seat 6: 3750e569 showed [Kc Ks] and won ($6.79) with Kings Full over Tens


Poker Hand #RC3055371231: Hold'em No Limit ($0.1/$0.25) - 2024/11/10 15:59:16
Table 'RushAndCash4099755' 6-max Seat #1 is the button
Seat 1: 96f7b34d ($25 in chips)
Seat 2: Hero ($25 in chips)
Seat 3: d0e8c86e ($40.26 in chips)
Seat 4: f0c246cc ($92.96 in chips)
Seat 5: ad51bd12 ($25 in chips)
Seat 6: 59e90005 ($24.4 in chips)
Hero: posts small blind $0.1
d0e8c86e: posts big blind $0.25
*** HOLE CARDS ***
Dealt to 96f7b34d 
Dealt to Hero [Js 7h]
Dealt to d0e8c86e 
Dealt to f0c246cc 
Dealt to ad51bd12 
Dealt to 59e90005 
f0c246cc: raises $0.25 to $0.5
ad51bd12: folds
59e90005: folds
96f7b34d: folds
Hero: folds
d0e8c86e: folds
Uncalled bet ($0.25) returned to f0c246cc
*** SHOWDOWN ***
f0c246cc collected $0.6 from pot
*** SUMMARY ***
Total pot $0.6 | Rake $0 | Jackpot $0 | Bingo $0 | Fortune $0 | Tax $0
Seat 1: 96f7b34d (button) folded before Flop (didn't bet)
Seat 2: Hero (small blind) folded before Flop
Seat 3: d0e8c86e (big blind) folded before Flop
Seat 4: f0c246cc collected ($0.6)
Seat 5: ad51bd12 folded before Flop (didn't bet)
Seat 6: 59e90005 folded before Flop (didn't bet)


Poker Hand #RC3055370730: Hold'em No Limit ($0.1/$0.25) - 2024/11/10 15:58:20
Table 'RushAndCash4099384' 6-max Seat #1 is the button
Seat 1: d70f896b ($29.45 in chips)
Seat 2: b8cb9ad6 ($28.17 in chips)
Seat 3: Hero ($26.81 in chips)
Seat 4: a649fe0a ($26.46 in chips)
Seat 5: 8b25ea3e ($28.68 in chips)
Seat 6: fa65d549 ($34.23 in chips)
b8cb9ad6: posts small blind $0.1
Hero: posts big blind $0.25
*** HOLE CARDS ***
Dealt to d70f896b 
Dealt to b8cb9ad6 
Dealt to Hero [Kh Ac]
Dealt to a649fe0a 
Dealt to 8b25ea3e 
Dealt to fa65d549 
a649fe0a: raises $0.25 to $0.5
8b25ea3e: folds
fa65d549: folds
d70f896b: folds
b8cb9ad6: folds
Hero: raises $1.75 to $2.25
a649fe0a: raises $3.5 to $5.75
Hero: raises $21.06 to $26.81 and is all-in
a649fe0a: calls $20.71 and is all-in
Uncalled bet ($0.35) returned to Hero
Hero: shows [Kh Ac]
a649fe0a: shows [Kc Ks]
*** FLOP *** [4h Td Kd]
*** TURN *** [4h Td Kd] [6s]
*** RIVER *** [4h Td Kd 6s] [Qc]
*** SHOWDOWN ***
a649fe0a collected $51.9 from pot
*** SUMMARY ***
Total pot $53.02 | Rake $0.75 | Jackpot $0.37 | Bingo $0 | Fortune $0 | Tax $0
Board [4h Td Kd 6s Qc]
Seat 1: d70f896b (button) folded before Flop (didn't bet)
Seat 2: b8cb9ad6 (small blind) folded before Flop
Seat 3: Hero (big blind) showed [Kh Ac] and lost with Pair of Kings
Seat 4: a649fe0a showed [Kc Ks] and won ($51.9) with Three Kings
Seat 5: 8b25ea3e folded before Flop (didn't bet)
Seat 6: fa65d549 folded before Flop (didn't bet)


Poker Hand #RC3055370699: Hold'em No Limit ($0.1/$0.25) - 2024/11/10 15:58:17
Table 'RushAndCash4099360' 6-max Seat #1 is the button
Seat 1: df4459ee ($29.98 in chips)
Seat 2: 8fef3c9b ($43.81 in chips)
Seat 3: 38c38270 ($26.41 in chips)
Seat 4: 6f545623 ($44.76 in chips)
Seat 5: Hero ($26.81 in chips)
Seat 6: 1fa817fb ($43.92 in chips)
8fef3c9b: posts small blind $0.1
38c38270: posts big blind $0.25
*** HOLE CARDS ***
Dealt to df4459ee 
Dealt to 8fef3c9b 
Dealt to 38c38270 
Dealt to 6f545623 
Dealt to Hero [Jh 3h]
Dealt to 1fa817fb 
6f545623: raises $0.25 to $0.5
Hero: folds
1fa817fb: folds
df4459ee: folds
8fef3c9b: folds
38c38270: folds
Uncalled bet ($0.25) returned to 6f545623
*** SHOWDOWN ***
6f545623 collected $0.6 from pot
*** SUMMARY ***
Total pot $0.6 | Rake $0 | Jackpot $0 | Bingo $0 | Fortune $0 | Tax $0
Seat 1: df4459ee (button) folded before Flop (didn't bet)
Seat 2: 8fef3c9b (small blind) folded before Flop
Seat 3: 38c38270 (big blind) folded before Flop
Seat 4: 6f545623 collected ($0.6)
Seat 5: Hero folded before Flop (didn't bet)
Seat 6: 1fa817fb folded before Flop (didn't bet)


Poker Hand #RC3055370666: Hold'em No Limit ($0.1/$0.25) - 2024/11/10 15:58:13
Table 'RushAndCash4099335' 6-max Seat #1 is the button
Seat 1: 386f373f ($10.76 in chips)
Seat 2: df54ced0 ($33.27 in chips)
Seat 3: 455a9fec ($25.59 in chips)
Seat 4: bb112265 ($44.93 in chips)
Seat 5: 2ccce20f ($25.74 in chips)
Seat 6: Hero ($26.81 in chips)
df54ced0: posts small blind $0.1
455a9fec: posts big blind $0.25
*** HOLE CARDS ***
Dealt to 386f373f 
Dealt to df54ced0 
Dealt to 455a9fec 
Dealt to bb112265 
Dealt to 2ccce20f 
Dealt to Hero [7h 4h]
bb112265: folds
2ccce20f: folds
Hero: folds
386f373f: folds
df54ced0: raises $0.5 to $0.75
455a9fec: raises $1.75 to $2.5
df54ced0: folds
Uncalled bet ($1.75) returned to 455a9fec
*** SHOWDOWN ***
455a9fec collected $1.43 from pot
*** SUMMARY ***
Total pot $1.5 | Rake $0.07 | Jackpot $0 | Bingo $0 | Fortune $0 | Tax $0
Seat 1: 386f373f (button) folded before Flop (didn't bet)
Seat 2: df54ced0 (small blind) folded before Flop
Seat 3: 455a9fec (big blind) collected ($1.43)
Seat 4: bb112265 folded before Flop (didn't bet)
Seat 5: 2ccce20f folded before Flop (didn't bet)
Seat 6: Hero folded before Flop (didn't bet)


Poker Hand #RC3055370633: Hold'em No Limit ($0.1/$0.25) - 2024/11/10 15:58:09
Table 'RushAndCash4099311' 6-max Seat #1 is the button
Seat 1: e2bac629 ($22.46 in chips)
Seat 2: 3e82c587 ($45.38 in chips)
Seat 3: 5d04af9 ($36.46 in chips)
Seat 4: Hero ($26.81 in chips)
Seat 5: c9327151 ($39.24 in chips)
Seat 6: 386f373f ($10.76 in chips)
3e82c587: posts small blind $0.1
5d04af9: posts big blind $0.25
*** HOLE CARDS ***
Dealt to e2bac629 
Dealt to 3e82c587 
Dealt to 5d04af9 
Dealt to Hero [6c 4s]
Dealt to c9327151 
Dealt to 386f373f 
Hero: folds
c9327151: folds
386f373f: folds
e2bac629: raises $0.38 to $0.63
3e82c587: folds
5d04af9: folds
Uncalled bet ($0.38) returned to e2bac629
*** SHOWDOWN ***
e2bac629 collected $0.6 from pot
*** SUMMARY ***
Total pot $0.6 | Rake $0 | Jackpot $0 | Bingo $0 | Fortune $0 | Tax $0
Seat 1: e2bac629 (button) collected ($0.6)
Seat 2: 3e82c587 (small blind) folded before Flop
Seat 3: 5d04af9 (big blind) folded before Flop
Seat 4: Hero folded before Flop (didn't bet)
Seat 5: c9327151 folded before Flop (didn't bet)
Seat 6: 386f373f folded before Flop (didn't bet)


Poker Hand #RC3055370573: Hold'em No Limit ($0.1/$0.25) - 2024/11/10 15:58:03
Table 'RushAndCash4099266' 6-max Seat #1 is the button
Seat 1: Hero ($26.81 in chips)
Seat 2: 4a654dba ($36.04 in chips)
Seat 3: 32de7b92 ($25.55 in chips)
Seat 4: f0773549 ($27.09 in chips)
Seat 5: fc40fe7b ($26.36 in chips)
Seat 6: 7586f678 ($27.03 in chips)
4a654dba: posts small blind $0.1
32de7b92: posts big blind $0.25
*** HOLE CARDS ***
Dealt to Hero [5s 4d]
Dealt to 4a654dba 
Dealt to 32de7b92 
Dealt to f0773549 
Dealt to fc40fe7b 
Dealt to 7586f678 
f0773549: folds
fc40fe7b: folds
7586f678: folds
Hero: folds
4a654dba: raises $0.5 to $0.75
32de7b92: raises $1.75 to $2.5
4a654dba: calls $1.75
*** FLOP *** [Jh Js 4c]
4a654dba: checks
32de7b92: checks
*** TURN *** [Jh Js 4c] [Jc]
4a654dba: checks
32de7b92: bets $2.5
4a654dba: calls $2.5
*** RIVER *** [Jh Js 4c Jc] [9s]
4a654dba: checks
32de7b92: bets $20.55 and is all-in
4a654dba: folds
Uncalled bet ($20.55) returned to 32de7b92
*** SHOWDOWN ***
32de7b92 collected $9.15 from pot
*** SUMMARY ***
Total pot $10 | Rake $0.48 | Jackpot $0.37 | Bingo $0 | Fortune $0 | Tax $0
Board [Jh Js 4c Jc 9s]
Seat 1: Hero (button) folded before Flop (didn't bet)
Seat 2: 4a654dba (small blind) folded on the River
Seat 3: 32de7b92 (big blind) won ($9.15)
Seat 4: f0773549 folded before Flop (didn't bet)
Seat 5: fc40fe7b folded before Flop (didn't bet)
Seat 6: 7586f678 folded before Flop (didn't bet)


Poker Hand #RC3055370532: Hold'em No Limit ($0.1/$0.25) - 2024/11/10 15:57:58
Table 'RushAndCash4099236' 6-max Seat #1 is the button
Seat 1: 7df2d064 ($41.13 in chips)
Seat 2: 445cfa6a ($25 in chips)
Seat 3: 8dbe455 ($25 in chips)
Seat 4: Hero ($26.81 in chips)
Seat 5: 7ff632ab ($22.8 in chips)
Seat 6: c0e051bf ($31.11 in chips)
445cfa6a: posts small blind $0.1
8dbe455: posts big blind $0.25
*** HOLE CARDS ***
Dealt to 7df2d064 
Dealt to 445cfa6a 
Dealt to 8dbe455 
Dealt to Hero [Ac 6h]
Dealt to 7ff632ab 
Dealt to c0e051bf 
Hero: folds
7ff632ab: raises $0.4 to $0.65
c0e051bf: raises $1.25 to $1.9
7df2d064: folds
445cfa6a: folds
8dbe455: folds
7ff632ab: calls $1.25
*** FLOP *** [Js 6s As]
7ff632ab: checks
c0e051bf: bets $1.3
7ff632ab: calls $1.3
*** TURN *** [Js 6s As] [4h]
7ff632ab: checks
c0e051bf: checks
*** RIVER *** [Js 6s As 4h] [8c]
7ff632ab: checks
c0e051bf: checks
7ff632ab: shows [7h Ah] (Pair of Aces)
c0e051bf: shows [Qs Qc] (Pair of Queens)
*** SHOWDOWN ***
7ff632ab collected $6.35 from pot
*** SUMMARY ***
Total pot $6.75 | Rake $0.4 | Jackpot $0 | Bingo $0 | Fortune $0 | Tax $0
Board [Js 6s As 4h 8c]
Seat 1: 7df2d064 (button) folded before Flop (didn't bet)
Seat 2: 445cfa6a (small blind) folded before Flop
Seat 3: 8dbe455 (big blind) folded before Flop
Seat 4: Hero folded before Flop (didn't bet)
Seat 5: 7ff632ab showed [7h Ah] and won ($6.35) with Pair of Aces
Seat 6: c0e051bf showed [Qs Qc] and lost with Pair of Queens


Poker Hand #RC3055370420: Hold'em No Limit ($0.1/$0.25) - 2024/11/10 15:57:47
Table 'RushAndCash4099152' 6-max Seat #1 is the button
Seat 1: f0773549 ($27.44 in chips)
Seat 2: d708524 ($26.48 in chips)
Seat 3: Hero ($26.71 in chips)
Seat 4: 286eff1a ($25.67 in chips)
Seat 5: acce15ca ($25.25 in chips)
Seat 6: e73eb7b1 ($46.86 in chips)
d708524: posts small blind $0.1
Hero: posts big blind $0.25
*** HOLE CARDS ***
Dealt to f0773549 
Dealt to d708524 
Dealt to Hero [8d 3s]
Dealt to 286eff1a 
Dealt to acce15ca 
Dealt to e73eb7b1 
286eff1a: folds
acce15ca: folds
e73eb7b1: folds
f0773549: folds
d708524: folds
Uncalled bet ($0.15) returned to Hero
*** SHOWDOWN ***
Hero collected $0.2 from pot
*** SUMMARY ***
Total pot $0.2 | Rake $0 | Jackpot $0 | Bingo $0 | Fortune $0 | Tax $0
Seat 1: f0773549 (button) folded before Flop (didn't bet)
Seat 2: d708524 (small blind) folded before Flop
Seat 3: Hero (big blind) collected ($0.2)
Seat 4: 286eff1a folded before Flop (didn't bet)
Seat 5: acce15ca folded before Flop (didn't bet)
Seat 6: e73eb7b1 folded before Flop (didn't bet)


Poker Hand #RC3055370376: Hold'em No Limit ($0.1/$0.25) - 2024/11/10 15:57:42
Table 'RushAndCash4099118' 6-max Seat #1 is the button
Seat 1: f98325f4 ($44.39 in chips)
Seat 2: Hero ($26.81 in chips)
Seat 3: 1b741e76 ($27.82 in chips)
Seat 4: 49e199d4 ($41.14 in chips)
Seat 5: 309d4204 ($32.62 in chips)
Seat 6: 4eaa6d9e ($14.21 in chips)
Hero: posts small blind $0.1
1b741e76: posts big blind $0.25
*** HOLE CARDS ***
Dealt to f98325f4 
Dealt to Hero [3h Qh]
Dealt to 1b741e76 
Dealt to 49e199d4 
Dealt to 309d4204 
Dealt to 4eaa6d9e 
49e199d4: folds
309d4204: folds
4eaa6d9e: raises $0.6 to $0.85
f98325f4: folds
Hero: folds
1b741e76: folds
Uncalled bet ($0.6) returned to 4eaa6d9e
*** SHOWDOWN ***
4eaa6d9e collected $0.6 from pot
*** SUMMARY ***
Total pot $0.6 | Rake $0 | Jackpot $0 | Bingo $0 | Fortune $0 | Tax $0
Seat 1: f98325f4 (button) folded before Flop (didn't bet)
Seat 2: Hero (small blind) folded before Flop
Seat 3: 1b741e76 (big blind) folded before Flop
Seat 4: 49e199d4 folded before Flop (didn't bet)
Seat 5: 309d4204 folded before Flop (didn't bet)
Seat 6: 4eaa6d9e collected ($0.6)


Poker Hand #RC3055370323: Hold'em No Limit ($0.1/$0.25) - 2024/11/10 15:57:36
Table 'RushAndCash4099079' 6-max Seat #1 is the button
Seat 1: fc40fe7b ($26.46 in chips)
Seat 2: d6230a85 ($39.55 in chips)
Seat 3: 2e8a5c56 ($25.25 in chips)
Seat 4: efa7c6e3 ($44.7 in chips)
Seat 5: 64e9e125 ($25.55 in chips)
Seat 6: Hero ($26.81 in chips)
d6230a85: posts small blind $0.1
2e8a5c56: posts big blind $0.25
*** HOLE CARDS ***
Dealt to fc40fe7b 
Dealt to d6230a85 
Dealt to 2e8a5c56 
Dealt to efa7c6e3 
Dealt to 64e9e125 
Dealt to Hero [9d 7h]
efa7c6e3: folds
64e9e125: folds
Hero: folds
fc40fe7b: folds
d6230a85: folds
Uncalled bet ($0.15) returned to 2e8a5c56
*** SHOWDOWN ***
2e8a5c56 collected $0.2 from pot
*** SUMMARY ***
Total pot $0.2 | Rake $0 | Jackpot $0 | Bingo $0 | Fortune $0 | Tax $0
Seat 1: fc40fe7b (button) folded before Flop (didn't bet)
Seat 2: d6230a85 (small blind) folded before Flop
Seat 3: 2e8a5c56 (big blind) collected ($0.2)
Seat 4: efa7c6e3 folded before Flop (didn't bet)
Seat 5: 64e9e125 folded before Flop (didn't bet)
Seat 6: Hero folded before Flop (didn't bet)


Poker Hand #RC3055370287: Hold'em No Limit ($0.1/$0.25) - 2024/11/10 15:57:32
Table 'RushAndCash4099053' 6-max Seat #1 is the button
Seat 1: 6c551eb3 ($25 in chips)
Seat 2: 5e637c31 ($123.88 in chips)
Seat 3: 4c54d92e ($35.51 in chips)
Seat 4: 2652cf05 ($25 in chips)
Seat 5: Hero ($26.81 in chips)
Seat 6: 20303f6e ($26.16 in chips)
5e637c31: posts small blind $0.1
4c54d92e: posts big blind $0.25
*** HOLE CARDS ***
Dealt to 6c551eb3 
Dealt to 5e637c31 
Dealt to 4c54d92e 
Dealt to 2652cf05 
Dealt to Hero [Ad 7s]
Dealt to 20303f6e 
2652cf05: folds
Hero: folds
20303f6e: folds
6c551eb3: raises $0.28 to $0.53
5e637c31: folds
4c54d92e: folds
Uncalled bet ($0.28) returned to 6c551eb3
*** SHOWDOWN ***
6c551eb3 collected $0.6 from pot
*** SUMMARY ***
Total pot $0.6 | Rake $0 | Jackpot $0 | Bingo $0 | Fortune $0 | Tax $0
Seat 1: 6c551eb3 (button) collected ($0.6)
Seat 2: 5e637c31 (small blind) folded before Flop
Seat 3: 4c54d92e (big blind) folded before Flop
Seat 4: 2652cf05 folded before Flop (didn't bet)
Seat 5: Hero folded before Flop (didn't bet)
Seat 6: 20303f6e folded before Flop (didn't bet)


Poker Hand #RC3055370141: Hold'em No Limit ($0.1/$0.25) - 2024/11/10 15:57:16
Table 'RushAndCash4098944' 6-max Seat #1 is the button
Seat 1: 2ae098c9 ($57.81 in chips)
Seat 2: bb112265 ($45.78 in chips)
Seat 3: 493dfff8 ($42.1 in chips)
Seat 4: a8379283 ($28.37 in chips)
Seat 5: fb4f1eb1 ($26.78 in chips)
Seat 6: Hero ($26.46 in chips)
bb112265: posts small blind $0.1
493dfff8: posts big blind $0.25
*** HOLE CARDS ***
Dealt to 2ae098c9 
Dealt to bb112265 
Dealt to 493dfff8 
Dealt to a8379283 
Dealt to fb4f1eb1 
Dealt to Hero [2c 2s]
a8379283: folds
fb4f1eb1: folds
Hero: raises $0.38 to $0.63
2ae098c9: folds
bb112265: folds
493dfff8: folds
Uncalled bet ($0.38) returned to Hero
*** SHOWDOWN ***
Hero collected $0.6 from pot
*** SUMMARY ***
Total pot $0.6 | Rake $0 | Jackpot $0 | Bingo $0 | Fortune $0 | Tax $0
Seat 1: 2ae098c9 (button) folded before Flop (didn't bet)
Seat 2: bb112265 (small blind) folded before Flop
Seat 3: 493dfff8 (big blind) folded before Flop
Seat 4: a8379283 folded before Flop (didn't bet)
Seat 5: fb4f1eb1 folded before Flop (didn't bet)
Seat 6: Hero collected ($0.6)


Poker Hand #RC3055370100: Hold'em No Limit ($0.1/$0.25) - 2024/11/10 15:57:12
Table 'RushAndCash4098913' 6-max Seat #1 is the button
Seat 1: bddae08e ($26.57 in chips)
Seat 2: Hero ($26.56 in chips)
Seat 3: 2a9e8c51 ($68.11 in chips)
Seat 4: 455a9fec ($25 in chips)
Seat 5: e47104c2 ($26.89 in chips)
Seat 6: 5f22c2ee ($16.97 in chips)
Hero: posts small blind $0.1
2a9e8c51: posts big blind $0.25
*** HOLE CARDS ***
Dealt to bddae08e 
Dealt to Hero [7c 3d]
Dealt to 2a9e8c51 
Dealt to 455a9fec 
Dealt to e47104c2 
Dealt to 5f22c2ee 
455a9fec: folds
e47104c2: folds
5f22c2ee: folds
bddae08e: raises $0.3 to $0.55
Hero: folds
2a9e8c51: folds
Uncalled bet ($0.3) returned to bddae08e
*** SHOWDOWN ***
bddae08e collected $0.6 from pot
*** SUMMARY ***
Total pot $0.6 | Rake $0 | Jackpot $0 | Bingo $0 | Fortune $0 | Tax $0
Seat 1: bddae08e (button) collected ($0.6)
Seat 2: Hero (small blind) folded before Flop
Seat 3: 2a9e8c51 (big blind) folded before Flop
Seat 4: 455a9fec folded before Flop (didn't bet)
Seat 5: e47104c2 folded before Flop (didn't bet)
Seat 6: 5f22c2ee folded before Flop (didn't bet)


Poker Hand #RC3055370001: Hold'em No Limit ($0.1/$0.25) - 2024/11/10 15:57:01
Table 'RushAndCash4098841' 6-max Seat #1 is the button
Seat 1: 752a4337 ($33.21 in chips)
Seat 2: 62c3d3f5 ($45.61 in chips)
Seat 3: Hero ($26.81 in chips)
Seat 4: a8379283 ($28.02 in chips)
Seat 5: 2eee3093 ($14.54 in chips)
Seat 6: d70f896b ($30.8 in chips)
62c3d3f5: posts small blind $0.1
Hero: posts big blind $0.25
*** HOLE CARDS ***
Dealt to 752a4337 
Dealt to 62c3d3f5 
Dealt to Hero [9c 5h]
Dealt to a8379283 
Dealt to 2eee3093 
Dealt to d70f896b 
a8379283: raises $0.25 to $0.5
2eee3093: folds
d70f896b: folds
752a4337: folds
62c3d3f5: folds
Hero: folds
Uncalled bet ($0.25) returned to a8379283
*** SHOWDOWN ***
a8379283 collected $0.6 from pot
*** SUMMARY ***
Total pot $0.6 | Rake $0 | Jackpot $0 | Bingo $0 | Fortune $0 | Tax $0
Seat 1: 752a4337 (button) folded before Flop (didn't bet)
Seat 2: 62c3d3f5 (small blind) folded before Flop
Seat 3: Hero (big blind) folded before Flop
Seat 4: a8379283 collected ($0.6)
Seat 5: 2eee3093 folded before Flop (didn't bet)
Seat 6: d70f896b folded before Flop (didn't bet)


Poker Hand #RC3055369965: Hold'em No Limit ($0.1/$0.25) - 2024/11/10 15:56:56
Table 'RushAndCash4098813' 6-max Seat #1 is the button
Seat 1: Hero ($26.81 in chips)
Seat 2: d7256f03 ($25 in chips)
Seat 3: d465b4dc ($28.01 in chips)
Seat 4: d2ca1af2 ($41.78 in chips)
Seat 5: 4ee160fc ($16.1 in chips)
Seat 6: e73eb7b1 ($47.61 in chips)
d7256f03: posts small blind $0.1
d465b4dc: posts big blind $0.25
*** HOLE CARDS ***
Dealt to Hero [Ts 7h]
Dealt to d7256f03 
Dealt to d465b4dc 
Dealt to d2ca1af2 
Dealt to 4ee160fc 
Dealt to e73eb7b1 
d2ca1af2: folds
4ee160fc: raises $0.25 to $0.5
e73eb7b1: folds
Hero: folds
d7256f03: folds
d465b4dc: folds
Uncalled bet ($0.25) returned to 4ee160fc
*** SHOWDOWN ***
4ee160fc collected $0.6 from pot
*** SUMMARY ***
Total pot $0.6 | Rake $0 | Jackpot $0 | Bingo $0 | Fortune $0 | Tax $0
Seat 1: Hero (button) folded before Flop (didn't bet)
Seat 2: d7256f03 (small blind) folded before Flop
Seat 3: d465b4dc (big blind) folded before Flop
Seat 4: d2ca1af2 folded before Flop (didn't bet)
Seat 5: 4ee160fc collected ($0.6)
Seat 6: e73eb7b1 folded before Flop (didn't bet)


Poker Hand #RC3055369927: Hold'em No Limit ($0.1/$0.25) - 2024/11/10 15:56:52
Table 'RushAndCash4098787' 6-max Seat #1 is the button
Seat 1: 90621d7b ($47.03 in chips)
Seat 2: 6fb5a618 ($38.05 in chips)
Seat 3: ee01c011 ($50.08 in chips)
Seat 4: Hero ($26.81 in chips)
Seat 5: db5a668a ($26.27 in chips)
Seat 6: 852421 ($17.7 in chips)
6fb5a618: posts small blind $0.1
ee01c011: posts big blind $0.25
*** HOLE CARDS ***
Dealt to 90621d7b 
Dealt to 6fb5a618 
Dealt to ee01c011 
Dealt to Hero [9d 7s]
Dealt to db5a668a 
Dealt to 852421 
Hero: folds
db5a668a: folds
852421: raises $0.25 to $0.5
90621d7b: folds
6fb5a618: calls $0.4
ee01c011: raises $2.31 to $2.81
852421: folds
6fb5a618: calls $2.31
*** FLOP *** [5c 4h 7d]
6fb5a618: checks
ee01c011: checks
*** TURN *** [5c 4h 7d] [Ad]
6fb5a618: checks
ee01c011: checks
*** RIVER *** [5c 4h 7d Ad] [Ac]
6fb5a618: checks
ee01c011: checks
6fb5a618: shows [9s 8s] (Pair of Aces)
ee01c011: shows [Qd Kh] (Pair of Aces)
*** SHOWDOWN ***
ee01c011 collected $5.82 from pot
*** SUMMARY ***
Total pot $6.12 | Rake $0.3 | Jackpot $0 | Bingo $0 | Fortune $0 | Tax $0
Board [5c 4h 7d Ad Ac]
Seat 1: 90621d7b (button) folded before Flop (didn't bet)
Seat 2: 6fb5a618 (small blind) showed [9s 8s] and lost with Pair of Aces
Seat 3: ee01c011 (big blind) showed [Qd Kh] and won ($5.82) with Pair of Aces
Seat 4: Hero folded before Flop (didn't bet)
Seat 5: db5a668a folded before Flop (didn't bet)
Seat 6: 852421 folded before Flop


Poker Hand #RC3055369413: Hold'em No Limit ($0.1/$0.25) - 2024/11/10 15:55:55
Table 'RushAndCash4098411' 6-max Seat #1 is the button
Seat 1: 8a0f21c6 ($25.25 in chips)
Seat 2: 7626524 ($25 in chips)
Seat 3: fb310a29 ($70.24 in chips)
Seat 4: d3ad947e ($21.61 in chips)
Seat 5: 2799f4c6 ($25.59 in chips)
Seat 6: Hero ($25 in chips)
7626524: posts small blind $0.1
fb310a29: posts big blind $0.25
*** HOLE CARDS ***
Dealt to 8a0f21c6 
Dealt to 7626524 
Dealt to fb310a29 
Dealt to d3ad947e 
Dealt to 2799f4c6 
Dealt to Hero [Th Qh]
d3ad947e: folds
2799f4c6: raises $0.3 to $0.55
Hero: raises $1.09 to $1.64
8a0f21c6: folds
7626524: folds
fb310a29: folds
2799f4c6: calls $1.09
*** FLOP *** [Ad 2c Jh]
2799f4c6: checks
Hero: bets $1.12
2799f4c6: folds
Uncalled bet ($1.12) returned to Hero
*** SHOWDOWN ***
Hero collected $3.45 from pot
*** SUMMARY ***
Total pot $3.63 | Rake $0.18 | Jackpot $0 | Bingo $0 | Fortune $0 | Tax $0
Board [Ad 2c Jh]
Seat 1: 8a0f21c6 (button) folded before Flop (didn't bet)
Seat 2: 7626524 (small blind) folded before Flop
Seat 3: fb310a29 (big blind) folded before Flop
Seat 4: d3ad947e folded before Flop (didn't bet)
Seat 5: 2799f4c6 folded on the Flop
Seat 6: Hero won ($3.45)


Poker Hand #RC3055369383: Hold'em No Limit ($0.1/$0.25) - 2024/11/10 15:55:52
Table 'RushAndCash4098390' 6-max Seat #1 is the button
Seat 1: 38b7553 ($26.13 in chips)
Seat 2: fb310a29 ($70.34 in chips)
Seat 3: 9fa95ea9 ($22.34 in chips)
Seat 4: a2a0ee7d ($26.47 in chips)
Seat 5: 471c21b5 ($26.34 in chips)
Seat 6: Hero ($25 in chips)
fb310a29: posts small blind $0.1
9fa95ea9: posts big blind $0.25
*** HOLE CARDS ***
Dealt to 38b7553 
Dealt to fb310a29 
Dealt to 9fa95ea9 
Dealt to a2a0ee7d 
Dealt to 471c21b5 
Dealt to Hero [Qs 7c]
a2a0ee7d: raises $0.25 to $0.5
471c21b5: calls $0.5
Hero: folds
38b7553: folds
fb310a29: folds
9fa95ea9: folds
*** FLOP *** [Ad 2h Ks]
a2a0ee7d: checks
471c21b5: checks
*** TURN *** [Ad 2h Ks] [Jc]
a2a0ee7d: checks
471c21b5: checks
*** RIVER *** [Ad 2h Ks Jc] [9h]
a2a0ee7d: bets $0.45
471c21b5: folds
Uncalled bet ($0.45) returned to a2a0ee7d
*** SHOWDOWN ***
a2a0ee7d collected $1.29 from pot
*** SUMMARY ***
Total pot $1.35 | Rake $0.06 | Jackpot $0 | Bingo $0 | Fortune $0 | Tax $0
Board [Ad 2h Ks Jc 9h]
Seat 1: 38b7553 (button) folded before Flop (didn't bet)
Seat 2: fb310a29 (small blind) folded before Flop
Seat 3: 9fa95ea9 (big blind) folded before Flop
Seat 4: a2a0ee7d won ($1.29)
Seat 5: 471c21b5 folded on the River
Seat 6: Hero folded before Flop (didn't bet)


Poker Hand #RC3055369351: Hold'em No Limit ($0.1/$0.25) - 2024/11/10 15:55:48
Table 'RushAndCash4098368' 6-max Seat #1 is the button
Seat 1: 341ce88d ($12.23 in chips)
Seat 2: Hero ($25.1 in chips)
Seat 3: 2e6de47b ($29.09 in chips)
Seat 4: 3f40afb0 ($30.37 in chips)
Seat 5: c76a2d8b ($32.1 in chips)
Seat 6: 94ef61c9 ($13.88 in chips)
Hero: posts small blind $0.1
2e6de47b: posts big blind $0.25
*** HOLE CARDS ***
Dealt to 341ce88d 
Dealt to Hero [5c Qs]
Dealt to 2e6de47b 
Dealt to 3f40afb0 
Dealt to c76a2d8b 
Dealt to 94ef61c9 
3f40afb0: folds
c76a2d8b: folds
94ef61c9: folds
341ce88d: raises $0.25 to $0.5
Hero: folds
2e6de47b: folds
Uncalled bet ($0.25) returned to 341ce88d
*** SHOWDOWN ***
341ce88d collected $0.6 from pot
*** SUMMARY ***
Total pot $0.6 | Rake $0 | Jackpot $0 | Bingo $0 | Fortune $0 | Tax $0
Seat 1: 341ce88d (button) collected ($0.6)
Seat 2: Hero (small blind) folded before Flop
Seat 3: 2e6de47b (big blind) folded before Flop
Seat 4: 3f40afb0 folded before Flop (didn't bet)
Seat 5: c76a2d8b folded before Flop (didn't bet)
Seat 6: 94ef61c9 folded before Flop (didn't bet)


Poker Hand #RC3055369282: Hold'em No Limit ($0.1/$0.25) - 2024/11/10 15:55:40
Table 'RushAndCash4098319' 6-max Seat #1 is the button
Seat 1: a8379283 ($26.1 in chips)
Seat 2: 697e64f3 ($26.59 in chips)
Seat 3: Hero ($25 in chips)
Seat 4: d9824eb ($29.09 in chips)
Seat 5: 38c38270 ($23.4 in chips)
Seat 6: f4fa49fb ($4.94 in chips)
697e64f3: posts small blind $0.1
Hero: posts big blind $0.25
*** HOLE CARDS ***
Dealt to a8379283 
Dealt to 697e64f3 
Dealt to Hero [2h Kc]
Dealt to d9824eb 
Dealt to 38c38270 
Dealt to f4fa49fb 
d9824eb: folds
38c38270: folds
f4fa49fb: folds
a8379283: folds
697e64f3: folds
Uncalled bet ($0.15) returned to Hero
*** SHOWDOWN ***
Hero collected $0.2 from pot
*** SUMMARY ***
Total pot $0.2 | Rake $0 | Jackpot $0 | Bingo $0 | Fortune $0 | Tax $0
Seat 1: a8379283 (button) folded before Flop (didn't bet)
Seat 2: 697e64f3 (small blind) folded before Flop
Seat 3: Hero (big blind) collected ($0.2)
Seat 4: d9824eb folded before Flop (didn't bet)
Seat 5: 38c38270 folded before Flop (didn't bet)
Seat 6: f4fa49fb folded before Flop (didn't bet)


Poker Hand #RC3055369216: Hold'em No Limit ($0.1/$0.25) - 2024/11/10 15:55:33
Table 'RushAndCash4098271' 6-max Seat #1 is the button
Seat 1: Hero ($25 in chips)
Seat 2: 96d23d89 ($30.58 in chips)
Seat 3: 21365ae8 ($28.41 in chips)
Seat 4: c6cc2b79 ($31.69 in chips)
Seat 5: 84f4d1b1 ($31.64 in chips)
Seat 6: 2cc5b3fb ($25.78 in chips)
96d23d89: posts small blind $0.1
21365ae8: posts big blind $0.25
*** HOLE CARDS ***
Dealt to Hero [Js Th]
Dealt to 96d23d89 
Dealt to 21365ae8 
Dealt to c6cc2b79 
Dealt to 84f4d1b1 
Dealt to 2cc5b3fb 
c6cc2b79: folds
84f4d1b1: raises $0.38 to $0.63
2cc5b3fb: folds
Hero: folds
96d23d89: folds
21365ae8: folds
Uncalled bet ($0.38) returned to 84f4d1b1
*** SHOWDOWN ***
84f4d1b1 collected $0.6 from pot
*** SUMMARY ***
Total pot $0.6 | Rake $0 | Jackpot $0 | Bingo $0 | Fortune $0 | Tax $0
Seat 1: Hero (button) folded before Flop (didn't bet)
Seat 2: 96d23d89 (small blind) folded before Flop
Seat 3: 21365ae8 (big blind) folded before Flop
Seat 4: c6cc2b79 folded before Flop (didn't bet)
Seat 5: 84f4d1b1 collected ($0.6)
Seat 6: 2cc5b3fb folded before Flop (didn't bet)


Poker Hand #RC3055369174: Hold'em No Limit ($0.1/$0.25) - 2024/11/10 15:55:29
Table 'RushAndCash4098240' 6-max Seat #1 is the button
Seat 1: ab309205 ($35.33 in chips)
Seat 2: edb95c71 ($26.84 in chips)
Seat 3: 7ba16023 ($92.77 in chips)
Seat 4: d6230a85 ($39.8 in chips)
Seat 5: 39e6506a ($25.8 in chips)
Seat 6: Hero ($25 in chips)
edb95c71: posts small blind $0.1
7ba16023: posts big blind $0.25
*** HOLE CARDS ***
Dealt to ab309205 
Dealt to edb95c71 
Dealt to 7ba16023 
Dealt to d6230a85 
Dealt to 39e6506a 
Dealt to Hero [6d 2h]
d6230a85: folds
39e6506a: raises $0.5 to $0.75
Hero: folds
ab309205: folds
edb95c71: folds
7ba16023: calls $0.5
*** FLOP *** [9s 5h 3s]
7ba16023: checks
39e6506a: bets $1.2
7ba16023: calls $1.2
*** TURN *** [9s 5h 3s] [Ah]
7ba16023: checks
39e6506a: checks
*** RIVER *** [9s 5h 3s Ah] [As]
7ba16023: bets $2.18
39e6506a: calls $2.18
7ba16023: shows [Ks Qs] (Ace High Flush)
39e6506a: shows [Ad Jh] (Three Aces)
*** SHOWDOWN ***
7ba16023 collected $7.59 from pot
*** SUMMARY ***
Total pot $8.36 | Rake $0.4 | Jackpot $0.37 | Bingo $0 | Fortune $0 | Tax $0
Board [9s 5h 3s Ah As]
Seat 1: ab309205 (button) folded before Flop (didn't bet)
Seat 2: edb95c71 (small blind) folded before Flop
Seat 3: 7ba16023 (big blind) showed [Ks Qs] and won ($7.59) with Ace High Flush
Seat 4: d6230a85 folded before Flop (didn't bet)
Seat 5: 39e6506a showed [Ad Jh] and lost with Three Aces
Seat 6: Hero folded before Flop (didn't bet)


Poker Hand #RC3055369138: Hold'em No Limit ($0.1/$0.25) - 2024/11/10 15:55:25
Table 'RushAndCash4098213' 6-max Seat #1 is the button
Seat 1: bb1132c0 ($94.04 in chips)
Seat 2: d6e282fb ($35.03 in chips)
Seat 3: a017176 ($58.2 in chips)
Seat 4: 5e637c31 ($122.71 in chips)
Seat 5: c5a4edc ($28.63 in chips)
Seat 6: Hero ($25 in chips)
d6e282fb: posts small blind $0.1
a017176: posts big blind $0.25
*** HOLE CARDS ***
Dealt to bb1132c0 
Dealt to d6e282fb 
Dealt to a017176 
Dealt to 5e637c31 
Dealt to c5a4edc 
Dealt to Hero [5h 2h]
5e637c31: folds
c5a4edc: folds
Hero: folds
bb1132c0: raises $0.25 to $0.5
d6e282fb: folds
a017176: folds
Uncalled bet ($0.25) returned to bb1132c0
*** SHOWDOWN ***
bb1132c0 collected $0.6 from pot
*** SUMMARY ***
Total pot $0.6 | Rake $0 | Jackpot $0 | Bingo $0 | Fortune $0 | Tax $0
Seat 1: bb1132c0 (button) collected ($0.6)
Seat 2: d6e282fb (small blind) folded before Flop
Seat 3: a017176 (big blind) folded before Flop
Seat 4: 5e637c31 folded before Flop (didn't bet)
Seat 5: c5a4edc folded before Flop (didn't bet)
Seat 6: Hero folded before Flop (didn't bet)


Poker Hand #RC3055369084: Hold'em No Limit ($0.1/$0.25) - 2024/11/10 15:55:19
Table 'RushAndCash4098175' 6-max Seat #1 is the button
Seat 1: Hero ($25 in chips)
Seat 2: 6fb5a618 ($46.53 in chips)
Seat 3: 265b9ef1 ($39.16 in chips)
Seat 4: d3ad947e ($21.61 in chips)
Seat 5: 382d6ba9 ($36.76 in chips)
Seat 6: 90621d7b ($47.96 in chips)
6fb5a618: posts small blind $0.1
265b9ef1: posts big blind $0.25
*** HOLE CARDS ***
Dealt to Hero [4c Kd]
Dealt to 6fb5a618 
Dealt to 265b9ef1 
Dealt to d3ad947e 
Dealt to 382d6ba9 
Dealt to 90621d7b 
d3ad947e: folds
382d6ba9: folds
90621d7b: folds
Hero: folds
6fb5a618: folds
Uncalled bet ($0.15) returned to 265b9ef1
*** SHOWDOWN ***
265b9ef1 collected $0.2 from pot
*** SUMMARY ***
Total pot $0.2 | Rake $0 | Jackpot $0 | Bingo $0 | Fortune $0 | Tax $0
Seat 1: Hero (button) folded before Flop (didn't bet)
Seat 2: 6fb5a618 (small blind) folded before Flop
Seat 3: 265b9ef1 (big blind) collected ($0.2)
Seat 4: d3ad947e folded before Flop (didn't bet)
Seat 5: 382d6ba9 folded before Flop (didn't bet)
Seat 6: 90621d7b folded before Flop (didn't bet)


Poker Hand #RC3055368773: Hold'em No Limit ($0.1/$0.25) - 2024/11/10 15:54:45
Table 'RushAndCash4097937' 6-max Seat #1 is the button
Seat 1: 877005df ($26.41 in chips)
Seat 2: Hero ($25 in chips)
Seat 3: b4840d6a ($25 in chips)
Seat 4: 509795a4 ($27.83 in chips)
Seat 5: 70efd0ae ($25 in chips)
Seat 6: 96b4cc1 ($39.84 in chips)
Hero: posts small blind $0.1
b4840d6a: posts big blind $0.25
*** HOLE CARDS ***
Dealt to 877005df 
Dealt to Hero [3c Ac]
Dealt to b4840d6a 
Dealt to 509795a4 
Dealt to 70efd0ae 
Dealt to 96b4cc1 
509795a4: raises $0.25 to $0.5
70efd0ae: folds
96b4cc1: folds
877005df: folds
Hero: calls $0.4
b4840d6a: calls $0.25
*** FLOP *** [6s 3s 4c]
Hero: checks
b4840d6a: bets $0.5
509795a4: raises $1.25 to $1.75
Hero: folds
b4840d6a: calls $1.25
*** TURN *** [6s 3s 4c] [Qc]
b4840d6a: checks
509795a4: bets $3.75
b4840d6a: calls $3.75
*** RIVER *** [6s 3s 4c Qc] [Ad]
b4840d6a: checks
509795a4: checks
b4840d6a: shows [8d 8c] (Pair of Eights)
509795a4: shows [Js Jh] (Pair of Jacks)
*** SHOWDOWN ***
509795a4 collected $11.53 from pot
*** SUMMARY ***
Total pot $12.5 | Rake $0.6 | Jackpot $0.37 | Bingo $0 | Fortune $0 | Tax $0
Board [6s 3s 4c Qc Ad]
Seat 1: 877005df (button) folded before Flop (didn't bet)
Seat 2: Hero (small blind) folded on the Flop
Seat 3: b4840d6a (big blind) showed [8d 8c] and lost with Pair of Eights
Seat 4: 509795a4 showed [Js Jh] and won ($11.53) with Pair of Jacks
Seat 5: 70efd0ae folded before Flop (didn't bet)
Seat 6: 96b4cc1 folded before Flop (didn't bet)


Poker Hand #RC3055368704: Hold'em No Limit ($0.1/$0.25) - 2024/11/10 15:54:37
Table 'RushAndCash4097885' 6-max Seat #1 is the button
Seat 1: a017176 ($57.47 in chips)
Seat 2: 70efd0ae ($25 in chips)
Seat 3: Hero ($25 in chips)
Seat 4: f8e80c0d ($70 in chips)
Seat 5: d0624d72 ($26.97 in chips)
Seat 6: d08ca4ab ($46.81 in chips)
70efd0ae: posts small blind $0.1
Hero: posts big blind $0.25
*** HOLE CARDS ***
Dealt to a017176 
Dealt to 70efd0ae 
Dealt to Hero [2s Td]
Dealt to f8e80c0d 
Dealt to d0624d72 
Dealt to d08ca4ab 
f8e80c0d: folds
d0624d72: raises $0.3 to $0.55
d08ca4ab: folds
a017176: raises $1.7 to $2.25
70efd0ae: folds
Hero: folds
d0624d72: folds
Uncalled bet ($1.7) returned to a017176
*** SHOWDOWN ***
a017176 collected $1.38 from pot
*** SUMMARY ***
Total pot $1.45 | Rake $0.07 | Jackpot $0 | Bingo $0 | Fortune $0 | Tax $0
Seat 1: a017176 (button) collected ($1.38)
Seat 2: 70efd0ae (small blind) folded before Flop
Seat 3: Hero (big blind) folded before Flop
Seat 4: f8e80c0d folded before Flop (didn't bet)
Seat 5: d0624d72 folded before Flop
Seat 6: d08ca4ab folded before Flop (didn't bet)


Poker Hand #RC3055368665: Hold'em No Limit ($0.1/$0.25) - 2024/11/10 15:54:32
Table 'RushAndCash4097858' 6-max Seat #1 is the button
Seat 1: 9e1c71f2 ($50.76 in chips)
Seat 2: 341f561a ($43.31 in chips)
Seat 3: 9abe6ce7 ($25 in chips)
Seat 4: Hero ($25 in chips)
Seat 5: 75681fa1 ($37.04 in chips)
Seat 6: abba1719 ($28.65 in chips)
341f561a: posts small blind $0.1
9abe6ce7: posts big blind $0.25
*** HOLE CARDS ***
Dealt to 9e1c71f2 
Dealt to 341f561a 
Dealt to 9abe6ce7 
Dealt to Hero [5d 6d]
Dealt to 75681fa1 
Dealt to abba1719 
Hero: folds
75681fa1: folds
abba1719: folds
9e1c71f2: folds
341f561a: raises $0.5 to $0.75
9abe6ce7: calls $0.5
*** FLOP *** [3c 8h Js]
341f561a: checks
9abe6ce7: checks
*** TURN *** [3c 8h Js] [7d]
341f561a: checks
9abe6ce7: checks
*** RIVER *** [3c 8h Js 7d] [Ac]
341f561a: checks
9abe6ce7: bets $0.25
341f561a: calls $0.25
9abe6ce7: shows [Ad Tc] (Pair of Aces)
341f561a: shows [9d Ah] (Pair of Aces)
*** SHOWDOWN ***
9abe6ce7 collected $1.9 from pot
*** SUMMARY ***
Total pot $2 | Rake $0.1 | Jackpot $0 | Bingo $0 | Fortune $0 | Tax $0
Board [3c 8h Js 7d Ac]
Seat 1: 9e1c71f2 (button) folded before Flop (didn't bet)
Seat 2: 341f561a (small blind) showed [9d Ah] and lost with Pair of Aces
Seat 3: 9abe6ce7 (big blind) showed [Ad Tc] and won ($1.9) with Pair of Aces
Seat 4: Hero folded before Flop (didn't bet)
Seat 5: 75681fa1 folded before Flop (didn't bet)
Seat 6: abba1719 folded before Flop (didn't bet)


Poker Hand #RC3055367370: Hold'em No Limit ($0.1/$0.25) - 2024/11/10 15:52:10
Table 'RushAndCash4096915' 6-max Seat #1 is the button
Seat 1: c76a2d8b ($38.64 in chips)
Seat 2: 2124ad58 ($94.41 in chips)
Seat 3: f77e9d95 ($25 in chips)
Seat 4: Hero ($26.07 in chips)
Seat 5: fc22daa8 ($27.93 in chips)
Seat 6: 852421 ($10 in chips)
2124ad58: posts small blind $0.1
f77e9d95: posts big blind $0.25
*** HOLE CARDS ***
Dealt to c76a2d8b 
Dealt to 2124ad58 
Dealt to f77e9d95 
Dealt to Hero [Jc Js]
Dealt to fc22daa8 
Dealt to 852421 
Hero: raises $0.38 to $0.63
fc22daa8: folds
852421: folds
c76a2d8b: folds
2124ad58: raises $1.51 to $2.14
f77e9d95: folds
Hero: calls $1.51
*** FLOP *** [3h 6h Kc]
2124ad58: checks
Hero: checks
*** TURN *** [3h 6h Kc] [4d]
2124ad58: bets $3.4
Hero: folds
Uncalled bet ($3.4) returned to 2124ad58
*** SHOWDOWN ***
2124ad58 collected $4.31 from pot
*** SUMMARY ***
Total pot $4.53 | Rake $0.22 | Jackpot $0 | Bingo $0 | Fortune $0 | Tax $0
Board [3h 6h Kc 4d]
Seat 1: c76a2d8b (button) folded before Flop (didn't bet)
Seat 2: 2124ad58 (small blind) won ($4.31)
Seat 3: f77e9d95 (big blind) folded before Flop
Seat 4: Hero folded on the Turn
Seat 5: fc22daa8 folded before Flop (didn't bet)
Seat 6: 852421 folded before Flop (didn't bet)


Poker Hand #RC3055367317: Hold'em No Limit ($0.1/$0.25) - 2024/11/10 15:52:04
Table 'RushAndCash4096876' 6-max Seat #1 is the button
Seat 1: d0624d72 ($26.39 in chips)
Seat 2: 2174067e ($26.99 in chips)
Seat 3: e822a335 ($26.94 in chips)
Seat 4: Hero ($26.07 in chips)
Seat 5: c70e414e ($15.15 in chips)
Seat 6: 6603ea33 ($19.97 in chips)
2174067e: posts small blind $0.1
e822a335: posts big blind $0.25
*** HOLE CARDS ***
Dealt to d0624d72 
Dealt to 2174067e 
Dealt to e822a335 
Dealt to Hero [Qc 2h]
Dealt to c70e414e 
Dealt to 6603ea33 
Hero: folds
c70e414e: folds
6603ea33: folds
d0624d72: folds
2174067e: raises $0.45 to $0.7
e822a335: raises $1.3 to $2
2174067e: calls $1.3
*** FLOP *** [4c 7s 6h]
2174067e: checks
e822a335: bets $2.75
2174067e: calls $2.75
*** TURN *** [4c 7s 6h] [5c]
2174067e: checks
e822a335: checks
*** RIVER *** [4c 7s 6h 5c] [Td]
2174067e: checks
e822a335: checks
2174067e: shows [Ad 5d] (Pair of Fives)
e822a335: shows [Ks 7d] (Pair of Sevens)
*** SHOWDOWN ***
e822a335 collected $8.68 from pot
*** SUMMARY ***
Total pot $9.5 | Rake $0.45 | Jackpot $0.37 | Bingo $0 | Fortune $0 | Tax $0
Board [4c 7s 6h 5c Td]
Seat 1: d0624d72 (button) folded before Flop (didn't bet)
Seat 2: 2174067e (small blind) showed [Ad 5d] and lost with Pair of Fives
Seat 3: e822a335 (big blind) showed [Ks 7d] and won ($8.68) with Pair of Sevens
Seat 4: Hero folded before Flop (didn't bet)
Seat 5: c70e414e folded before Flop (didn't bet)
Seat 6: 6603ea33 folded before Flop (didn't bet)


Poker Hand #RC3055367282: Hold'em No Limit ($0.1/$0.25) - 2024/11/10 15:52:00
Table 'RushAndCash4096848' 6-max Seat #1 is the button
Seat 1: 5eaba5bb ($25 in chips)
Seat 2: Hero ($26.17 in chips)
Seat 3: 6641b6a5 ($34.88 in chips)
Seat 4: 87fa80c3 ($24.15 in chips)
Seat 5: db5a668a ($25 in chips)
Seat 6: e9e998f6 ($38.68 in chips)
Hero: posts small blind $0.1
6641b6a5: posts big blind $0.25
*** HOLE CARDS ***
Dealt to 5eaba5bb 
Dealt to Hero [6c 7s]
Dealt to 6641b6a5 
Dealt to 87fa80c3 
Dealt to db5a668a 
Dealt to e9e998f6 
87fa80c3: folds
db5a668a: raises $0.33 to $0.58
e9e998f6: folds
5eaba5bb: folds
Hero: folds
6641b6a5: calls $0.33
*** FLOP *** [Td 4s Th]
6641b6a5: checks
db5a668a: bets $0.42
6641b6a5: folds
Uncalled bet ($0.42) returned to db5a668a
*** SHOWDOWN ***
db5a668a collected $1.2 from pot
*** SUMMARY ***
Total pot $1.26 | Rake $0.06 | Jackpot $0 | Bingo $0 | Fortune $0 | Tax $0
Board [Td 4s Th]
Seat 1: 5eaba5bb (button) folded before Flop (didn't bet)
Seat 2: Hero (small blind) folded before Flop
Seat 3: 6641b6a5 (big blind) folded on the Flop
Seat 4: 87fa80c3 folded before Flop (didn't bet)
Seat 5: db5a668a won ($1.2)
Seat 6: e9e998f6 folded before Flop (didn't bet)


Poker Hand #RC3055366953: Hold'em No Limit ($0.1/$0.25) - 2024/11/10 15:51:23
Table 'RushAndCash4096604' 6-max Seat #1 is the button
Seat 1: Hero ($25.1 in chips)
Seat 2: 1028594b ($25 in chips)
Seat 3: b5220b98 ($25.51 in chips)
Seat 4: cd7e859d ($11.57 in chips)
Seat 5: 748c45c5 ($29.55 in chips)
Seat 6: e7652ded ($46.62 in chips)
1028594b: posts small blind $0.1
b5220b98: posts big blind $0.25
*** HOLE CARDS ***
Dealt to Hero [Jd Qh]
Dealt to 1028594b 
Dealt to b5220b98 
Dealt to cd7e859d 
Dealt to 748c45c5 
Dealt to e7652ded 
cd7e859d: folds
748c45c5: folds
e7652ded: folds
Hero: raises $0.38 to $0.63
1028594b: folds
b5220b98: calls $0.38
*** FLOP *** [7s 7d Jc]
b5220b98: checks
Hero: bets $0.45
b5220b98: calls $0.45
*** TURN *** [7s 7d Jc] [Ah]
b5220b98: checks
Hero: bets $0.75
b5220b98: folds
Uncalled bet ($0.75) returned to Hero
*** SHOWDOWN ***
Hero collected $2.15 from pot
*** SUMMARY ***
Total pot $2.26 | Rake $0.11 | Jackpot $0 | Bingo $0 | Fortune $0 | Tax $0
Board [7s 7d Jc Ah]
Seat 1: Hero (button) won ($2.15)
Seat 2: 1028594b (small blind) folded before Flop
Seat 3: b5220b98 (big blind) folded on the Turn
Seat 4: cd7e859d folded before Flop (didn't bet)
Seat 5: 748c45c5 folded before Flop (didn't bet)
Seat 6: e7652ded folded before Flop (didn't bet)


Poker Hand #RC3055366830: Hold'em No Limit ($0.1/$0.25) - 2024/11/10 15:51:09
Table 'RushAndCash4096513' 6-max Seat #1 is the button
Seat 1: 185c7f57 ($30.76 in chips)
Seat 2: b36a1d9b ($25.76 in chips)
Seat 3: Hero ($25 in chips)
Seat 4: 18226bcf ($63.54 in chips)
Seat 5: 386f373f ($11.84 in chips)
Seat 6: 4e0090c7 ($29.49 in chips)
b36a1d9b: posts small blind $0.1
Hero: posts big blind $0.25
*** HOLE CARDS ***
Dealt to 185c7f57 
Dealt to b36a1d9b 
Dealt to Hero [3s 6h]
Dealt to 18226bcf 
Dealt to 386f373f 
Dealt to 4e0090c7 
18226bcf: folds
386f373f: folds
4e0090c7: folds
185c7f57: folds
b36a1d9b: folds
Uncalled bet ($0.15) returned to Hero
*** SHOWDOWN ***
Hero collected $0.2 from pot
*** SUMMARY ***
Total pot $0.2 | Rake $0 | Jackpot $0 | Bingo $0 | Fortune $0 | Tax $0
Seat 1: 185c7f57 (button) folded before Flop (didn't bet)
Seat 2: b36a1d9b (small blind) folded before Flop
Seat 3: Hero (big blind) collected ($0.2)
Seat 4: 18226bcf folded before Flop (didn't bet)
Seat 5: 386f373f folded before Flop (didn't bet)
Seat 6: 4e0090c7 folded before Flop (didn't bet)


Poker Hand #RC3055366787: Hold'em No Limit ($0.1/$0.25) - 2024/11/10 15:51:04
Table 'RushAndCash4096482' 6-max Seat #1 is the button
Seat 1: a1e5b26d ($74.38 in chips)
Seat 2: 618fde11 ($28.87 in chips)
Seat 3: 3c6e9622 ($29.06 in chips)
Seat 4: bb112265 ($48.22 in chips)
Seat 5: 41b38f9b ($29.01 in chips)
Seat 6: Hero ($25 in chips)
618fde11: posts small blind $0.1
3c6e9622: posts big blind $0.25
*** HOLE CARDS ***
Dealt to a1e5b26d 
Dealt to 618fde11 
Dealt to 3c6e9622 
Dealt to bb112265 
Dealt to 41b38f9b 
Dealt to Hero [6d Kc]
bb112265: folds
41b38f9b: folds
Hero: folds
a1e5b26d: folds
618fde11: folds
Uncalled bet ($0.15) returned to 3c6e9622
*** SHOWDOWN ***
3c6e9622 collected $0.2 from pot
*** SUMMARY ***
Total pot $0.2 | Rake $0 | Jackpot $0 | Bingo $0 | Fortune $0 | Tax $0
Seat 1: a1e5b26d (button) folded before Flop (didn't bet)
Seat 2: 618fde11 (small blind) folded before Flop
Seat 3: 3c6e9622 (big blind) collected ($0.2)
Seat 4: bb112265 folded before Flop (didn't bet)
Seat 5: 41b38f9b folded before Flop (didn't bet)
Seat 6: Hero folded before Flop (didn't bet)


Poker Hand #RC3055366752: Hold'em No Limit ($0.1/$0.25) - 2024/11/10 15:51:00
Table 'RushAndCash4096455' 6-max Seat #1 is the button
Seat 1: 7122a37b ($29.74 in chips)
Seat 2: f164338 ($25.35 in chips)
Seat 3: 71c35340 ($26.56 in chips)
Seat 4: d14ece9c ($20.95 in chips)
Seat 5: Hero ($25 in chips)
Seat 6: 4d0889a3 ($44.27 in chips)
f164338: posts small blind $0.1
71c35340: posts big blind $0.25
*** HOLE CARDS ***
Dealt to 7122a37b 
Dealt to f164338 
Dealt to 71c35340 
Dealt to d14ece9c 
Dealt to Hero [2s Ah]
Dealt to 4d0889a3 
d14ece9c: folds
Hero: folds
4d0889a3: raises $0.25 to $0.5
7122a37b: folds
f164338: raises $2.5 to $3
71c35340: folds
4d0889a3: folds
Uncalled bet ($2.5) returned to f164338
*** SHOWDOWN ***
f164338 collected $1.19 from pot
*** SUMMARY ***
Total pot $1.25 | Rake $0.06 | Jackpot $0 | Bingo $0 | Fortune $0 | Tax $0
Seat 1: 7122a37b (button) folded before Flop (didn't bet)
Seat 2: f164338 (small blind) collected ($1.19)
Seat 3: 71c35340 (big blind) folded before Flop
Seat 4: d14ece9c folded before Flop (didn't bet)
Seat 5: Hero folded before Flop (didn't bet)
Seat 6: 4d0889a3 folded before Flop


Poker Hand #RC3055366467: Hold'em No Limit ($0.1/$0.25) - 2024/11/10 15:50:29
Table 'RushAndCash4096240' 6-max Seat #1 is the button
Seat 1: f6d89b67 ($45.75 in chips)
Seat 2: 2e8a5c56 ($25 in chips)
Seat 3: b9f43091 ($25 in chips)
Seat 4: fc40fe7b ($25 in chips)
Seat 5: Hero ($25 in chips)
Seat 6: 781173ae ($41.05 in chips)
2e8a5c56: posts small blind $0.1
b9f43091: posts big blind $0.25
*** HOLE CARDS ***
Dealt to f6d89b67 
Dealt to 2e8a5c56 
Dealt to b9f43091 
Dealt to fc40fe7b 
Dealt to Hero [Qc Jd]
Dealt to 781173ae 
fc40fe7b: folds
Hero: raises $0.38 to $0.63
781173ae: folds
f6d89b67: folds
2e8a5c56: folds
b9f43091: calls $0.38
*** FLOP *** [Ac 8c 5h]
b9f43091: checks
Hero: bets $0.45
b9f43091: calls $0.45
*** TURN *** [Ac 8c 5h] [8s]
b9f43091: checks
Hero: checks
*** RIVER *** [Ac 8c 5h 8s] [Ah]
b9f43091: bets $1.36
Hero: folds
Uncalled bet ($1.36) returned to b9f43091
*** SHOWDOWN ***
b9f43091 collected $2.15 from pot
*** SUMMARY ***
Total pot $2.26 | Rake $0.11 | Jackpot $0 | Bingo $0 | Fortune $0 | Tax $0
Board [Ac 8c 5h 8s Ah]
Seat 1: f6d89b67 (button) folded before Flop (didn't bet)
Seat 2: 2e8a5c56 (small blind) folded before Flop
Seat 3: b9f43091 (big blind) won ($2.15)
Seat 4: fc40fe7b folded before Flop (didn't bet)
Seat 5: Hero folded on the River
Seat 6: 781173ae folded before Flop (didn't bet)


Poker Hand #RC3055366432: Hold'em No Limit ($0.1/$0.25) - 2024/11/10 15:50:25
Table 'RushAndCash4096214' 6-max Seat #1 is the button
Seat 1: e7f5d0ac ($31.17 in chips)
Seat 2: b3b96255 ($38.48 in chips)
Seat 3: 2799f4c6 ($27.16 in chips)
Seat 4: c70e414e ($36.96 in chips)
Seat 5: Hero ($25 in chips)
Seat 6: e5bc7717 ($51.38 in chips)
b3b96255: posts small blind $0.1
2799f4c6: posts big blind $0.25
*** HOLE CARDS ***
Dealt to e7f5d0ac 
Dealt to b3b96255 
Dealt to 2799f4c6 
Dealt to c70e414e 
Dealt to Hero [7d 9s]
Dealt to e5bc7717 
c70e414e: folds
Hero: folds
e5bc7717: folds
e7f5d0ac: folds
b3b96255: raises $0.5 to $0.75
2799f4c6: calls $0.5
*** FLOP *** [Kd 6c 4c]
b3b96255: checks
2799f4c6: checks
*** TURN *** [Kd 6c 4c] [Ac]
b3b96255: checks
2799f4c6: checks
*** RIVER *** [Kd 6c 4c Ac] [Kc]
b3b96255: bets $0.8
2799f4c6: folds
Uncalled bet ($0.8) returned to b3b96255
*** SHOWDOWN ***
b3b96255 collected $1.43 from pot
*** SUMMARY ***
Total pot $1.5 | Rake $0.07 | Jackpot $0 | Bingo $0 | Fortune $0 | Tax $0
Board [Kd 6c 4c Ac Kc]
Seat 1: e7f5d0ac (button) folded before Flop (didn't bet)
Seat 2: b3b96255 (small blind) won ($1.43)
Seat 3: 2799f4c6 (big blind) folded on the River
Seat 4: c70e414e folded before Flop (didn't bet)
Seat 5: Hero folded before Flop (didn't bet)
Seat 6: e5bc7717 folded before Flop (didn't bet)


Poker Hand #RC3055366370: Hold'em No Limit ($0.1/$0.25) - 2024/11/10 15:50:18
Table 'RushAndCash4096167' 6-max Seat #1 is the button
Seat 1: Hero ($25 in chips)
Seat 2: e90868cd ($26.32 in chips)
Seat 3: b12ca3c2 ($25.05 in chips)
Seat 4: 32de7b92 ($29.55 in chips)
Seat 5: ba79b50b ($11.6 in chips)
Seat 6: 1084ec04 ($73.14 in chips)
e90868cd: posts small blind $0.1
b12ca3c2: posts big blind $0.25
*** HOLE CARDS ***
Dealt to Hero [2d 7c]
Dealt to e90868cd 
Dealt to b12ca3c2 
Dealt to 32de7b92 
Dealt to ba79b50b 
Dealt to 1084ec04 
32de7b92: raises $0.25 to $0.5
ba79b50b: calls $0.5
1084ec04: folds
Hero: folds
e90868cd: folds
b12ca3c2: calls $0.25
*** FLOP *** [Jh 5c Tc]
b12ca3c2: checks
32de7b92: checks
ba79b50b: checks
*** TURN *** [Jh 5c Tc] [8h]
b12ca3c2: checks
32de7b92: bets $0.53
ba79b50b: folds
b12ca3c2: folds
Uncalled bet ($0.53) returned to 32de7b92
*** SHOWDOWN ***
32de7b92 collected $1.52 from pot
*** SUMMARY ***
Total pot $1.6 | Rake $0.08 | Jackpot $0 | Bingo $0 | Fortune $0 | Tax $0
Board [Jh 5c Tc 8h]
Seat 1: Hero (button) folded before Flop (didn't bet)
Seat 2: e90868cd (small blind) folded before Flop
Seat 3: b12ca3c2 (big blind) folded on the Turn
Seat 4: 32de7b92 won ($1.52)
Seat 5: ba79b50b folded on the Turn
Seat 6: 1084ec04 folded before Flop (didn't bet)


Poker Hand #RC3055366281: Hold'em No Limit ($0.1/$0.25) - 2024/11/10 15:50:09
Table 'RushAndCash4096100' 6-max Seat #1 is the button
Seat 1: 2d07d9cc ($25 in chips)
Seat 2: Hero ($25 in chips)
Seat 3: 701210de ($34.03 in chips)
Seat 4: 23dfef69 ($35.86 in chips)
Seat 5: efa7c6e3 ($28.8 in chips)
Seat 6: 7223ebeb ($24.34 in chips)
Hero: posts small blind $0.1
701210de: posts big blind $0.25
*** HOLE CARDS ***
Dealt to 2d07d9cc 
Dealt to Hero [Ac 7s]
Dealt to 701210de 
Dealt to 23dfef69 
Dealt to efa7c6e3 
Dealt to 7223ebeb 
23dfef69: raises $0.25 to $0.5
efa7c6e3: folds
7223ebeb: folds
2d07d9cc: folds
Hero: folds
701210de: folds
Uncalled bet ($0.25) returned to 23dfef69
*** SHOWDOWN ***
23dfef69 collected $0.6 from pot
*** SUMMARY ***
Total pot $0.6 | Rake $0 | Jackpot $0 | Bingo $0 | Fortune $0 | Tax $0
Seat 1: 2d07d9cc (button) folded before Flop (didn't bet)
Seat 2: Hero (small blind) folded before Flop
Seat 3: 701210de (big blind) folded before Flop
Seat 4: 23dfef69 collected ($0.6)
Seat 5: efa7c6e3 folded before Flop (didn't bet)
Seat 6: 7223ebeb folded before Flop (didn't bet)


Poker Hand #RC3055366126: Hold'em No Limit ($0.1/$0.25) - 2024/11/10 15:49:52
Table 'RushAndCash4095981' 6-max Seat #1 is the button
Seat 1: 42375bf5 ($16 in chips)
Seat 2: dcb4767b ($25 in chips)
Seat 3: Hero ($25 in chips)
Seat 4: 2124ad58 ($98.34 in chips)
Seat 5: 22b28e86 ($25.85 in chips)
Seat 6: 3458eca8 ($43.49 in chips)
dcb4767b: posts small blind $0.1
Hero: posts big blind $0.25
*** HOLE CARDS ***
Dealt to 42375bf5 
Dealt to dcb4767b 
Dealt to Hero [4h 9d]
Dealt to 2124ad58 
Dealt to 22b28e86 
Dealt to 3458eca8 
2124ad58: folds
22b28e86: raises $0.38 to $0.63
3458eca8: folds
42375bf5: folds
dcb4767b: folds
Hero: folds
Uncalled bet ($0.38) returned to 22b28e86
*** SHOWDOWN ***
22b28e86 collected $0.6 from pot
*** SUMMARY ***
Total pot $0.6 | Rake $0 | Jackpot $0 | Bingo $0 | Fortune $0 | Tax $0
Seat 1: 42375bf5 (button) folded before Flop (didn't bet)
Seat 2: dcb4767b (small blind) folded before Flop
Seat 3: Hero (big blind) folded before Flop
Seat 4: 2124ad58 folded before Flop (didn't bet)
Seat 5: 22b28e86 collected ($0.6)
Seat 6: 3458eca8 folded before Flop (didn't bet)


