Poker Hand #RC3156955216: Hold'em No Limit ($0.1/$0.25) - 2024/12/17 21:43:42
Table 'RushAndCash1931462' 6-max Seat #1 is the button
Seat 1: ba56bd1b ($70.98 in chips)
Seat 2: 18c0b157 ($12.47 in chips)
Seat 3: 52e80146 ($14.13 in chips)
Seat 4: Hero ($25 in chips)
Seat 5: 3ea49c63 ($34.06 in chips)
Seat 6: ba49ce44 ($24.35 in chips)
18c0b157: posts small blind $0.1
52e80146: posts big blind $0.25
*** HOLE CARDS ***
Dealt to ba56bd1b 
Dealt to 18c0b157 
Dealt to 52e80146 
Dealt to Hero [Ks 7d]
Dealt to 3ea49c63 
Dealt to ba49ce44 
Hero: folds
3ea49c63: folds
ba49ce44: folds
ba56bd1b: raises $0.25 to $0.5
18c0b157: raises $1.57 to $2.07
52e80146: raises $12.06 to $14.13 and is all-in
ba56bd1b: folds
18c0b157: calls $10.4 and is all-in
Uncalled bet ($1.66) returned to 52e80146
52e80146: shows [Ts Tc]
18c0b157: shows [9h 9s]
*** FLOP *** [3c Js 8c]
*** TURN *** [3c Js 8c] [Ah]
*** RIVER *** [3c Js 8c Ah] [Qs]
*** SHOWDOWN ***
52e80146 collected $24.32 from pot
*** SUMMARY ***
Total pot $25.44 | Rake $0.75 | Jackpot $0.37 | Bingo $0 | Fortune $0 | Tax $0
Board [3c Js 8c Ah Qs]
Seat 1: ba56bd1b (button) folded before Flop
Seat 2: 18c0b157 (small blind) showed [9h 9s] and lost with Pair of Nines
Seat 3: 52e80146 (big blind) showed [Ts Tc] and won ($24.32) with Pair of Tens
Seat 4: Hero folded before Flop (didn't bet)
Seat 5: 3ea49c63 folded before Flop (didn't bet)
Seat 6: ba49ce44 folded before Flop (didn't bet)


Poker Hand #RC3156955192: Hold'em No Limit ($0.1/$0.25) - 2024/12/17 21:43:38
Table 'RushAndCash1931445' 6-max Seat #1 is the button
Seat 1: Hero ($25 in chips)
Seat 2: 18d693fc ($37.17 in chips)
Seat 3: 5210ca34 ($15.44 in chips)
Seat 4: 1268c6b3 ($48.69 in chips)
Seat 5: 8393e232 ($87.2 in chips)
Seat 6: 57812790 ($18.98 in chips)
18d693fc: posts small blind $0.1
5210ca34: posts big blind $0.25
*** HOLE CARDS ***
Dealt to Hero [3s Ts]
Dealt to 18d693fc 
Dealt to 5210ca34 
Dealt to 1268c6b3 
Dealt to 8393e232 
Dealt to 57812790 
1268c6b3: raises $0.5 to $0.75
8393e232: folds
57812790: folds
Hero: folds
18d693fc: folds
5210ca34: folds
Uncalled bet ($0.5) returned to 1268c6b3
*** SHOWDOWN ***
1268c6b3 collected $0.6 from pot
*** SUMMARY ***
Total pot $0.6 | Rake $0 | Jackpot $0 | Bingo $0 | Fortune $0 | Tax $0
Seat 1: Hero (button) folded before Flop (didn't bet)
Seat 2: 18d693fc (small blind) folded before Flop
Seat 3: 5210ca34 (big blind) folded before Flop
Seat 4: 1268c6b3 collected ($0.6)
Seat 5: 8393e232 folded before Flop (didn't bet)
Seat 6: 57812790 folded before Flop (didn't bet)


Poker Hand #RC3156955169: Hold'em No Limit ($0.1/$0.25) - 2024/12/17 21:43:34
Table 'RushAndCash1931430' 6-max Seat #1 is the button
Seat 1: 29267986 ($28.42 in chips)
Seat 2: ec1369c2 ($26.02 in chips)
Seat 3: 44a6db2 ($24.71 in chips)
Seat 4: Hero ($25 in chips)
Seat 5: c4acccc4 ($33.81 in chips)
Seat 6: 46f81266 ($35.47 in chips)
ec1369c2: posts small blind $0.1
44a6db2: posts big blind $0.25
*** HOLE CARDS ***
Dealt to 29267986 
Dealt to ec1369c2 
Dealt to 44a6db2 
Dealt to Hero [6h 3h]
Dealt to c4acccc4 
Dealt to 46f81266 
Hero: folds
c4acccc4: folds
46f81266: folds
29267986: folds
ec1369c2: folds
Uncalled bet ($0.15) returned to 44a6db2
*** SHOWDOWN ***
44a6db2 collected $0.2 from pot
*** SUMMARY ***
Total pot $0.2 | Rake $0 | Jackpot $0 | Bingo $0 | Fortune $0 | Tax $0
Seat 1: 29267986 (button) folded before Flop (didn't bet)
Seat 2: ec1369c2 (small blind) folded before Flop
Seat 3: 44a6db2 (big blind) collected ($0.2)
Seat 4: Hero folded before Flop (didn't bet)
Seat 5: c4acccc4 folded before Flop (didn't bet)
Seat 6: 46f81266 folded before Flop (didn't bet)


Poker Hand #RC3156955144: Hold'em No Limit ($0.1/$0.25) - 2024/12/17 21:43:30
Table 'RushAndCash1931414' 6-max Seat #1 is the button
Seat 1: e1733e84 ($22.07 in chips)
Seat 2: Hero ($25.06 in chips)
Seat 3: aeb734bd ($21.46 in chips)
Seat 4: 4dbbedbc ($90.73 in chips)
Seat 5: d9b955df ($11.31 in chips)
Seat 6: ed440b8 ($26.12 in chips)
Hero: posts small blind $0.1
aeb734bd: posts big blind $0.25
*** HOLE CARDS ***
Dealt to e1733e84 
Dealt to Hero [Th 5c]
Dealt to aeb734bd 
Dealt to 4dbbedbc 
Dealt to d9b955df 
Dealt to ed440b8 
4dbbedbc: folds
d9b955df: folds
ed440b8: folds
e1733e84: folds
Hero: folds
Uncalled bet ($0.15) returned to aeb734bd
*** SHOWDOWN ***
aeb734bd collected $0.2 from pot
*** SUMMARY ***
Total pot $0.2 | Rake $0 | Jackpot $0 | Bingo $0 | Fortune $0 | Tax $0
Seat 1: e1733e84 (button) folded before Flop (didn't bet)
Seat 2: Hero (small blind) folded before Flop
Seat 3: aeb734bd (big blind) collected ($0.2)
Seat 4: 4dbbedbc folded before Flop (didn't bet)
Seat 5: d9b955df folded before Flop (didn't bet)
Seat 6: ed440b8 folded before Flop (didn't bet)


Poker Hand #RC3156955124: Hold'em No Limit ($0.1/$0.25) - 2024/12/17 21:43:27
Table 'RushAndCash1931399' 6-max Seat #1 is the button
Seat 1: 44f66e84 ($124.88 in chips)
Seat 2: 4528b835 ($24.75 in chips)
Seat 3: 97d208e0 ($46.08 in chips)
Seat 4: ed440b8 ($26.12 in chips)
Seat 5: fb6f0f43 ($25.32 in chips)
Seat 6: Hero ($25.06 in chips)
4528b835: posts small blind $0.1
97d208e0: posts big blind $0.25
*** HOLE CARDS ***
Dealt to 44f66e84 
Dealt to 4528b835 
Dealt to 97d208e0 
Dealt to ed440b8 
Dealt to fb6f0f43 
Dealt to Hero [7h 4s]
ed440b8: folds
fb6f0f43: folds
Hero: folds
44f66e84: folds
4528b835: raises $0.5 to $0.75
97d208e0: folds
Uncalled bet ($0.5) returned to 4528b835
*** SHOWDOWN ***
4528b835 collected $0.5 from pot
*** SUMMARY ***
Total pot $0.5 | Rake $0 | Jackpot $0 | Bingo $0 | Fortune $0 | Tax $0
Seat 1: 44f66e84 (button) folded before Flop (didn't bet)
Seat 2: 4528b835 (small blind) collected ($0.5)
Seat 3: 97d208e0 (big blind) folded before Flop
Seat 4: ed440b8 folded before Flop (didn't bet)
Seat 5: fb6f0f43 folded before Flop (didn't bet)
Seat 6: Hero folded before Flop (didn't bet)


Poker Hand #RC3156955069: Hold'em No Limit ($0.1/$0.25) - 2024/12/17 21:43:19
Table 'RushAndCash1931358' 6-max Seat #1 is the button
Seat 1: Hero ($25.06 in chips)
Seat 2: d202aacf ($31.23 in chips)
Seat 3: a7adcdd9 ($31.22 in chips)
Seat 4: f9c110d5 ($22.98 in chips)
Seat 5: 59a42cc6 ($86.16 in chips)
Seat 6: f2659c9a ($23.2 in chips)
d202aacf: posts small blind $0.1
a7adcdd9: posts big blind $0.25
*** HOLE CARDS ***
Dealt to Hero [4c 4s]
Dealt to d202aacf 
Dealt to a7adcdd9 
Dealt to f9c110d5 
Dealt to 59a42cc6 
Dealt to f2659c9a 
f9c110d5: folds
59a42cc6: folds
f2659c9a: raises $0.25 to $0.5
Hero: folds
d202aacf: folds
a7adcdd9: folds
Uncalled bet ($0.25) returned to f2659c9a
*** SHOWDOWN ***
f2659c9a collected $0.6 from pot
*** SUMMARY ***
Total pot $0.6 | Rake $0 | Jackpot $0 | Bingo $0 | Fortune $0 | Tax $0
Seat 1: Hero (button) folded before Flop (didn't bet)
Seat 2: d202aacf (small blind) folded before Flop
Seat 3: a7adcdd9 (big blind) folded before Flop
Seat 4: f9c110d5 folded before Flop (didn't bet)
Seat 5: 59a42cc6 folded before Flop (didn't bet)
Seat 6: f2659c9a collected ($0.6)


Poker Hand #RC3156924448: Hold'em No Limit ($0.1/$0.25) - 2024/12/17 21:41:43
Table 'RushAndCash1930922' 6-max Seat #1 is the button
Seat 1: d32778d5 ($26.74 in chips)
Seat 2: 27198640 ($45.42 in chips)
Seat 3: Hero ($34.06 in chips)
Seat 4: ed480281 ($25.96 in chips)
Seat 5: b02f283c ($52.53 in chips)
Seat 6: 6c557704 ($26.17 in chips)
27198640: posts small blind $0.1
Hero: posts big blind $0.25
*** HOLE CARDS ***
Dealt to d32778d5 
Dealt to 27198640 
Dealt to Hero [Ad 7d]
Dealt to ed480281 
Dealt to b02f283c 
Dealt to 6c557704 
ed480281: folds
b02f283c: folds
6c557704: folds
d32778d5: folds
27198640: raises $0.5 to $0.75
Hero: calls $0.5
*** FLOP *** [Qs Ah 5h]
27198640: bets $1.8
Hero: calls $1.8
*** TURN *** [Qs Ah 5h] [2c]
27198640: bets $6.45
Hero: calls $6.45
*** RIVER *** [Qs Ah 5h 2c] [9d]
27198640: bets $36.42 and is all-in
Hero: folds
Uncalled bet ($36.42) returned to 27198640
*** SHOWDOWN ***
27198640 collected $16.88 from pot
*** SUMMARY ***
Total pot $18 | Rake $0.75 | Jackpot $0.37 | Bingo $0 | Fortune $0 | Tax $0
Board [Qs Ah 5h 2c 9d]
Seat 1: d32778d5 (button) folded before Flop (didn't bet)
Seat 2: 27198640 (small blind) won ($16.88)
Seat 3: Hero (big blind) folded on the River
Seat 4: ed480281 folded before Flop (didn't bet)
Seat 5: b02f283c folded before Flop (didn't bet)
Seat 6: 6c557704 folded before Flop (didn't bet)


Poker Hand #RC3156924421: Hold'em No Limit ($0.1/$0.25) - 2024/12/17 21:41:38
Table 'RushAndCash1930902' 6-max Seat #1 is the button
Seat 1: 68fe3be5 ($26.88 in chips)
Seat 2: fb6f0f43 ($25.43 in chips)
Seat 3: e1733e84 ($22.02 in chips)
Seat 4: Hero ($34.06 in chips)
Seat 5: d34f813 ($28.71 in chips)
Seat 6: 5413d155 ($34.3 in chips)
fb6f0f43: posts small blind $0.1
e1733e84: posts big blind $0.25
*** HOLE CARDS ***
Dealt to 68fe3be5 
Dealt to fb6f0f43 
Dealt to e1733e84 
Dealt to Hero [3d 2s]
Dealt to d34f813 
Dealt to 5413d155 
Hero: folds
d34f813: raises $0.5 to $0.75
5413d155: folds
68fe3be5: folds
fb6f0f43: folds
e1733e84: calls $0.5
*** FLOP *** [Kc 5d 4s]
e1733e84: checks
d34f813: bets $0.53
e1733e84: folds
Uncalled bet ($0.53) returned to d34f813
*** SHOWDOWN ***
d34f813 collected $1.52 from pot
*** SUMMARY ***
Total pot $1.6 | Rake $0.08 | Jackpot $0 | Bingo $0 | Fortune $0 | Tax $0
Board [Kc 5d 4s]
Seat 1: 68fe3be5 (button) folded before Flop (didn't bet)
Seat 2: fb6f0f43 (small blind) folded before Flop
Seat 3: e1733e84 (big blind) folded on the Flop
Seat 4: Hero folded before Flop (didn't bet)
Seat 5: d34f813 won ($1.52)
Seat 6: 5413d155 folded before Flop (didn't bet)


Poker Hand #RC3156924400: Hold'em No Limit ($0.1/$0.25) - 2024/12/17 21:41:35
Table 'RushAndCash1930887' 6-max Seat #1 is the button
Seat 1: 3ea49c63 ($35.54 in chips)
Seat 2: 1b165312 ($26.38 in chips)
Seat 3: 6a566c65 ($28.41 in chips)
Seat 4: d34f813 ($28.71 in chips)
Seat 5: Hero ($34.06 in chips)
Seat 6: e1733e84 ($22.02 in chips)
1b165312: posts small blind $0.1
6a566c65: posts big blind $0.25
*** HOLE CARDS ***
Dealt to 3ea49c63 
Dealt to 1b165312 
Dealt to 6a566c65 
Dealt to d34f813 
Dealt to Hero [Kh 7c]
Dealt to e1733e84 
d34f813: folds
Hero: folds
e1733e84: folds
3ea49c63: folds
1b165312: raises $0.5 to $0.75
6a566c65: calls $0.5
*** FLOP *** [3h 8s 8d]
1b165312: checks
6a566c65: checks
*** TURN *** [3h 8s 8d] [4c]
1b165312: checks
6a566c65: checks
*** RIVER *** [3h 8s 8d 4c] [7s]
1b165312: bets $0.85
6a566c65: folds
Uncalled bet ($0.85) returned to 1b165312
*** SHOWDOWN ***
1b165312 collected $1.43 from pot
*** SUMMARY ***
Total pot $1.5 | Rake $0.07 | Jackpot $0 | Bingo $0 | Fortune $0 | Tax $0
Board [3h 8s 8d 4c 7s]
Seat 1: 3ea49c63 (button) folded before Flop (didn't bet)
Seat 2: 1b165312 (small blind) won ($1.43)
Seat 3: 6a566c65 (big blind) folded on the River
Seat 4: d34f813 folded before Flop (didn't bet)
Seat 5: Hero folded before Flop (didn't bet)
Seat 6: e1733e84 folded before Flop (didn't bet)


Poker Hand #RC3156924364: Hold'em No Limit ($0.1/$0.25) - 2024/12/17 21:41:30
Table 'RushAndCash1930863' 6-max Seat #1 is the button
Seat 1: e2520e51 ($26.02 in chips)
Seat 2: b1892ece ($25.1 in chips)
Seat 3: 8393e232 ($81.81 in chips)
Seat 4: 8562ac0c ($25 in chips)
Seat 5: Hero ($34.06 in chips)
Seat 6: 82f8ba85 ($43.8 in chips)
b1892ece: posts small blind $0.1
8393e232: posts big blind $0.25
*** HOLE CARDS ***
Dealt to e2520e51 
Dealt to b1892ece 
Dealt to 8393e232 
Dealt to 8562ac0c 
Dealt to Hero [3c 7d]
Dealt to 82f8ba85 
8562ac0c: folds
Hero: folds
82f8ba85: raises $0.38 to $0.63
e2520e51: folds
b1892ece: folds
8393e232: folds
Uncalled bet ($0.38) returned to 82f8ba85
*** SHOWDOWN ***
82f8ba85 collected $0.6 from pot
*** SUMMARY ***
Total pot $0.6 | Rake $0 | Jackpot $0 | Bingo $0 | Fortune $0 | Tax $0
Seat 1: e2520e51 (button) folded before Flop (didn't bet)
Seat 2: b1892ece (small blind) folded before Flop
Seat 3: 8393e232 (big blind) folded before Flop
Seat 4: 8562ac0c folded before Flop (didn't bet)
Seat 5: Hero folded before Flop (didn't bet)
Seat 6: 82f8ba85 collected ($0.6)


Poker Hand #RC3156924334: Hold'em No Limit ($0.1/$0.25) - 2024/12/17 21:41:25
Table 'RushAndCash1930843' 6-max Seat #1 is the button
Seat 1: Hero ($34.06 in chips)
Seat 2: f592b722 ($25.25 in chips)
Seat 3: a344ddae ($40.86 in chips)
Seat 4: 2be31337 ($26.25 in chips)
Seat 5: 474d7a48 ($38.17 in chips)
Seat 6: 4da4555b ($45.02 in chips)
f592b722: posts small blind $0.1
a344ddae: posts big blind $0.25
*** HOLE CARDS ***
Dealt to Hero [3h 8h]
Dealt to f592b722 
Dealt to a344ddae 
Dealt to 2be31337 
Dealt to 474d7a48 
Dealt to 4da4555b 
2be31337: folds
474d7a48: folds
4da4555b: folds
Hero: folds
f592b722: folds
Uncalled bet ($0.15) returned to a344ddae
*** SHOWDOWN ***
a344ddae collected $0.2 from pot
*** SUMMARY ***
Total pot $0.2 | Rake $0 | Jackpot $0 | Bingo $0 | Fortune $0 | Tax $0
Seat 1: Hero (button) folded before Flop (didn't bet)
Seat 2: f592b722 (small blind) folded before Flop
Seat 3: a344ddae (big blind) collected ($0.2)
Seat 4: 2be31337 folded before Flop (didn't bet)
Seat 5: 474d7a48 folded before Flop (didn't bet)
Seat 6: 4da4555b folded before Flop (didn't bet)


Poker Hand #RC3156924277: Hold'em No Limit ($0.1/$0.25) - 2024/12/17 21:41:16
Table 'RushAndCash1930804' 6-max Seat #1 is the button
Seat 1: e4575d26 ($76.66 in chips)
Seat 2: Hero ($34.16 in chips)
Seat 3: ecf4d1ef ($25 in chips)
Seat 4: bd3b7902 ($25 in chips)
Seat 5: 7277fc61 ($25 in chips)
Seat 6: 2eac05b2 ($41.92 in chips)
Hero: posts small blind $0.1
ecf4d1ef: posts big blind $0.25
*** HOLE CARDS ***
Dealt to e4575d26 
Dealt to Hero [Ac 9s]
Dealt to ecf4d1ef 
Dealt to bd3b7902 
Dealt to 7277fc61 
Dealt to 2eac05b2 
bd3b7902: folds
7277fc61: folds
2eac05b2: folds
e4575d26: raises $0.5 to $0.75
Hero: folds
ecf4d1ef: raises $1.5 to $2.25
e4575d26: calls $1.5
*** FLOP *** [7d Th Jd]
ecf4d1ef: bets $1.38
e4575d26: calls $1.38
*** TURN *** [7d Th Jd] [Ah]
ecf4d1ef: bets $5.75
e4575d26: raises $18.86 to $24.61
ecf4d1ef: calls $15.62 and is all-in
Uncalled bet ($3.24) returned to e4575d26
e4575d26: shows [Qh Ks] (Aces-High Straight)
ecf4d1ef: shows [As Ts] (Pair of Aces and Pair of Tens)
*** RIVER *** [7d Th Jd Ah] [Kc]
*** SHOWDOWN ***
e4575d26 collected $48.98 from pot
*** SUMMARY ***
Total pot $50.1 | Rake $0.75 | Jackpot $0.37 | Bingo $0 | Fortune $0 | Tax $0
Board [7d Th Jd Ah Kc]
Seat 1: e4575d26 (button) showed [Qh Ks] and won ($48.98) with Aces-High Straight
Seat 2: Hero (small blind) folded before Flop
Seat 3: ecf4d1ef (big blind) showed [As Ts] and lost with Pair of Aces and Pair of Tens
Seat 4: bd3b7902 folded before Flop (didn't bet)
Seat 5: 7277fc61 folded before Flop (didn't bet)
Seat 6: 2eac05b2 folded before Flop (didn't bet)


Poker Hand #RC3156924229: Hold'em No Limit ($0.1/$0.25) - 2024/12/17 21:41:08
Table 'RushAndCash1930769' 6-max Seat #1 is the button
Seat 1: f07dc2d3 ($18.61 in chips)
Seat 2: b3ff49d7 ($25 in chips)
Seat 3: Hero ($34.41 in chips)
Seat 4: f000824 ($22.3 in chips)
Seat 5: 7a3e7a51 ($91.23 in chips)
Seat 6: 4da4555b ($45.02 in chips)
b3ff49d7: posts small blind $0.1
Hero: posts big blind $0.25
*** HOLE CARDS ***
Dealt to f07dc2d3 
Dealt to b3ff49d7 
Dealt to Hero [7s Qd]
Dealt to f000824 
Dealt to 7a3e7a51 
Dealt to 4da4555b 
f000824: folds
7a3e7a51: folds
4da4555b: folds
f07dc2d3: raises $0.25 to $0.5
b3ff49d7: folds
Hero: folds
Uncalled bet ($0.25) returned to f07dc2d3
*** SHOWDOWN ***
f07dc2d3 collected $0.6 from pot
*** SUMMARY ***
Total pot $0.6 | Rake $0 | Jackpot $0 | Bingo $0 | Fortune $0 | Tax $0
Seat 1: f07dc2d3 (button) collected ($0.6)
Seat 2: b3ff49d7 (small blind) folded before Flop
Seat 3: Hero (big blind) folded before Flop
Seat 4: f000824 folded before Flop (didn't bet)
Seat 5: 7a3e7a51 folded before Flop (didn't bet)
Seat 6: 4da4555b folded before Flop (didn't bet)


Poker Hand #RC3156924207: Hold'em No Limit ($0.1/$0.25) - 2024/12/17 21:41:05
Table 'RushAndCash1930754' 6-max Seat #1 is the button
Seat 1: 8a444513 ($37.42 in chips)
Seat 2: 380b324d ($26.95 in chips)
Seat 3: 5779ece2 ($25.55 in chips)
Seat 4: Hero ($34.41 in chips)
Seat 5: 74e75955 ($76.65 in chips)
Seat 6: 65a167b9 ($31.53 in chips)
380b324d: posts small blind $0.1
5779ece2: posts big blind $0.25
*** HOLE CARDS ***
Dealt to 8a444513 
Dealt to 380b324d 
Dealt to 5779ece2 
Dealt to Hero [4c Jd]
Dealt to 74e75955 
Dealt to 65a167b9 
Hero: folds
74e75955: raises $0.25 to $0.5
65a167b9: raises $1 to $1.5
8a444513: calls $1.5
380b324d: folds
5779ece2: calls $1.25
74e75955: calls $1
*** FLOP *** [Ks 8s 4s]
5779ece2: checks
74e75955: checks
65a167b9: checks
8a444513: checks
*** TURN *** [Ks 8s 4s] [9c]
5779ece2: checks
74e75955: checks
65a167b9: checks
8a444513: bets $2.27
5779ece2: folds
74e75955: folds
65a167b9: folds
Uncalled bet ($2.27) returned to 8a444513
*** SHOWDOWN ***
8a444513 collected $5.8 from pot
*** SUMMARY ***
Total pot $6.1 | Rake $0.3 | Jackpot $0 | Bingo $0 | Fortune $0 | Tax $0
Board [Ks 8s 4s 9c]
Seat 1: 8a444513 (button) won ($5.8)
Seat 2: 380b324d (small blind) folded before Flop
Seat 3: 5779ece2 (big blind) folded on the Turn
Seat 4: Hero folded before Flop (didn't bet)
Seat 5: 74e75955 folded on the Turn
Seat 6: 65a167b9 folded on the Turn


Poker Hand #RC3156924183: Hold'em No Limit ($0.1/$0.25) - 2024/12/17 21:41:00
Table 'RushAndCash1930736' 6-max Seat #1 is the button
Seat 1: bd240a5d ($25.59 in chips)
Seat 2: a593c0a ($54.56 in chips)
Seat 3: 62665ef9 ($45.89 in chips)
Seat 4: Hero ($34.41 in chips)
Seat 5: 8a444513 ($37.42 in chips)
Seat 6: d202aacf ($32.48 in chips)
a593c0a: posts small blind $0.1
62665ef9: posts big blind $0.25
*** HOLE CARDS ***
Dealt to bd240a5d 
Dealt to a593c0a 
Dealt to 62665ef9 
Dealt to Hero [8d As]
Dealt to 8a444513 
Dealt to d202aacf 
Hero: folds
8a444513: folds
d202aacf: folds
bd240a5d: raises $0.25 to $0.5
a593c0a: folds
62665ef9: folds
Uncalled bet ($0.25) returned to bd240a5d
*** SHOWDOWN ***
bd240a5d collected $0.6 from pot
*** SUMMARY ***
Total pot $0.6 | Rake $0 | Jackpot $0 | Bingo $0 | Fortune $0 | Tax $0
Seat 1: bd240a5d (button) collected ($0.6)
Seat 2: a593c0a (small blind) folded before Flop
Seat 3: 62665ef9 (big blind) folded before Flop
Seat 4: Hero folded before Flop (didn't bet)
Seat 5: 8a444513 folded before Flop (didn't bet)
Seat 6: d202aacf folded before Flop (didn't bet)


Poker Hand #RC3156924161: Hold'em No Limit ($0.1/$0.25) - 2024/12/17 21:40:57
Table 'RushAndCash1930720' 6-max Seat #1 is the button
Seat 1: bab44c5 ($25 in chips)
Seat 2: 563ed193 ($93.72 in chips)
Seat 3: 82f7a367 ($21.31 in chips)
Seat 4: a593c0a ($54.56 in chips)
Seat 5: 7817520f ($25.69 in chips)
Seat 6: Hero ($34.41 in chips)
563ed193: posts small blind $0.1
82f7a367: posts big blind $0.25
*** HOLE CARDS ***
Dealt to bab44c5 
Dealt to 563ed193 
Dealt to 82f7a367 
Dealt to a593c0a 
Dealt to 7817520f 
Dealt to Hero [8h Ks]
a593c0a: folds
7817520f: raises $0.3 to $0.55
Hero: folds
bab44c5: raises $1.45 to $2
563ed193: folds
82f7a367: folds
7817520f: calls $1.45
*** FLOP *** [6c 2h 5h]
7817520f: checks
bab44c5: bets $2.18
7817520f: calls $2.18
*** TURN *** [6c 2h 5h] [7h]
7817520f: checks
bab44c5: checks
*** RIVER *** [6c 2h 5h 7h] [4h]
7817520f: checks
bab44c5: checks
7817520f: shows [Th Ts] (Ten High Flush)
bab44c5: shows [Ac 5c] (Pair of Fives)
*** SHOWDOWN ***
7817520f collected $7.93 from pot
*** SUMMARY ***
Total pot $8.71 | Rake $0.41 | Jackpot $0.37 | Bingo $0 | Fortune $0 | Tax $0
Board [6c 2h 5h 7h 4h]
Seat 1: bab44c5 (button) showed [Ac 5c] and lost with Pair of Fives
Seat 2: 563ed193 (small blind) folded before Flop
Seat 3: 82f7a367 (big blind) folded before Flop
Seat 4: a593c0a folded before Flop (didn't bet)
Seat 5: 7817520f showed [Th Ts] and won ($7.93) with Ten High Flush
Seat 6: Hero folded before Flop (didn't bet)


Poker Hand #RC3156923792: Hold'em No Limit ($0.1/$0.25) - 2024/12/17 21:39:57
Table 'RushAndCash1930462' 6-max Seat #1 is the button
Seat 1: Hero ($30.7 in chips)
Seat 2: a593c0a ($58.8 in chips)
Seat 3: bdd65f02 ($25.56 in chips)
Seat 4: 4d49735b ($16.44 in chips)
Seat 5: 9609599e ($25 in chips)
Seat 6: ec054b69 ($14.99 in chips)
a593c0a: posts small blind $0.1
bdd65f02: posts big blind $0.25
*** HOLE CARDS ***
Dealt to Hero [8c 9c]
Dealt to a593c0a 
Dealt to bdd65f02 
Dealt to 4d49735b 
Dealt to 9609599e 
Dealt to ec054b69 
4d49735b: folds
9609599e: folds
ec054b69: folds
Hero: raises $0.38 to $0.63
a593c0a: raises $1.87 to $2.5
bdd65f02: folds
Hero: calls $1.87
*** FLOP *** [9d 6h 2h]
a593c0a: checks
Hero: bets $1.74
a593c0a: calls $1.74
*** TURN *** [9d 6h 2h] [9h]
a593c0a: checks
Hero: bets $2.89
a593c0a: folds
Uncalled bet ($2.89) returned to Hero
*** SHOWDOWN ***
Hero collected $7.95 from pot
*** SUMMARY ***
Total pot $8.73 | Rake $0.41 | Jackpot $0.37 | Bingo $0 | Fortune $0 | Tax $0
Board [9d 6h 2h 9h]
Seat 1: Hero (button) won ($7.95)
Seat 2: a593c0a (small blind) folded on the Turn
Seat 3: bdd65f02 (big blind) folded before Flop
Seat 4: 4d49735b folded before Flop (didn't bet)
Seat 5: 9609599e folded before Flop (didn't bet)
Seat 6: ec054b69 folded before Flop (didn't bet)


Poker Hand #RC3156923743: Hold'em No Limit ($0.1/$0.25) - 2024/12/17 21:39:49
Table 'RushAndCash1930428' 6-max Seat #1 is the button
Seat 1: 4d49735b ($16.44 in chips)
Seat 2: d1a606e4 ($39.8 in chips)
Seat 3: Hero ($30.95 in chips)
Seat 4: 5413d155 ($34.09 in chips)
Seat 5: c917e76c ($54.64 in chips)
Seat 6: 57d559ad ($12.38 in chips)
d1a606e4: posts small blind $0.1
Hero: posts big blind $0.25
*** HOLE CARDS ***
Dealt to 4d49735b 
Dealt to d1a606e4 
Dealt to Hero [3s Kd]
Dealt to 5413d155 
Dealt to c917e76c 
Dealt to 57d559ad 
5413d155: folds
c917e76c: folds
57d559ad: raises $0.25 to $0.5
4d49735b: folds
d1a606e4: folds
Hero: folds
Uncalled bet ($0.25) returned to 57d559ad
*** SHOWDOWN ***
57d559ad collected $0.6 from pot
*** SUMMARY ***
Total pot $0.6 | Rake $0 | Jackpot $0 | Bingo $0 | Fortune $0 | Tax $0
Seat 1: 4d49735b (button) folded before Flop (didn't bet)
Seat 2: d1a606e4 (small blind) folded before Flop
Seat 3: Hero (big blind) folded before Flop
Seat 4: 5413d155 folded before Flop (didn't bet)
Seat 5: c917e76c folded before Flop (didn't bet)
Seat 6: 57d559ad collected ($0.6)


Poker Hand #RC3156923708: Hold'em No Limit ($0.1/$0.25) - 2024/12/17 21:39:44
Table 'RushAndCash1930403' 6-max Seat #1 is the button
Seat 1: 4d941c ($66.33 in chips)
Seat 2: Hero ($31.05 in chips)
Seat 3: 64215118 ($25 in chips)
Seat 4: c6ea729d ($25.35 in chips)
Seat 5: f07dc2d3 ($17.52 in chips)
Seat 6: 82f7a367 ($21.31 in chips)
Hero: posts small blind $0.1
64215118: posts big blind $0.25
*** HOLE CARDS ***
Dealt to 4d941c 
Dealt to Hero [2d As]
Dealt to 64215118 
Dealt to c6ea729d 
Dealt to f07dc2d3 
Dealt to 82f7a367 
c6ea729d: folds
f07dc2d3: raises $0.25 to $0.5
82f7a367: folds
4d941c: folds
Hero: folds
64215118: folds
Uncalled bet ($0.25) returned to f07dc2d3
*** SHOWDOWN ***
f07dc2d3 collected $0.6 from pot
*** SUMMARY ***
Total pot $0.6 | Rake $0 | Jackpot $0 | Bingo $0 | Fortune $0 | Tax $0
Seat 1: 4d941c (button) folded before Flop (didn't bet)
Seat 2: Hero (small blind) folded before Flop
Seat 3: 64215118 (big blind) folded before Flop
Seat 4: c6ea729d folded before Flop (didn't bet)
Seat 5: f07dc2d3 collected ($0.6)
Seat 6: 82f7a367 folded before Flop (didn't bet)


Poker Hand #RC3156923688: Hold'em No Limit ($0.1/$0.25) - 2024/12/17 21:39:41
Table 'RushAndCash1930388' 6-max Seat #1 is the button
Seat 1: b1b9f78e ($118.21 in chips)
Seat 2: 29c8905f ($12.2 in chips)
Seat 3: d87b3fe8 ($27.91 in chips)
Seat 4: Hero ($31.05 in chips)
Seat 5: 64215118 ($25 in chips)
Seat 6: 5617339a ($61.4 in chips)
29c8905f: posts small blind $0.1
d87b3fe8: posts big blind $0.25
*** HOLE CARDS ***
Dealt to b1b9f78e 
Dealt to 29c8905f 
Dealt to d87b3fe8 
Dealt to Hero [3c 2s]
Dealt to 64215118 
Dealt to 5617339a 
Hero: folds
64215118: folds
5617339a: folds
b1b9f78e: folds
29c8905f: folds
Uncalled bet ($0.15) returned to d87b3fe8
*** SHOWDOWN ***
d87b3fe8 collected $0.2 from pot
*** SUMMARY ***
Total pot $0.2 | Rake $0 | Jackpot $0 | Bingo $0 | Fortune $0 | Tax $0
Seat 1: b1b9f78e (button) folded before Flop (didn't bet)
Seat 2: 29c8905f (small blind) folded before Flop
Seat 3: d87b3fe8 (big blind) collected ($0.2)
Seat 4: Hero folded before Flop (didn't bet)
Seat 5: 64215118 folded before Flop (didn't bet)
Seat 6: 5617339a folded before Flop (didn't bet)


Poker Hand #RC3156923663: Hold'em No Limit ($0.1/$0.25) - 2024/12/17 21:39:37
Table 'RushAndCash1930371' 6-max Seat #1 is the button
Seat 1: 5617339a ($61.4 in chips)
Seat 2: c9d5a0cb ($94.65 in chips)
Seat 3: 3dcea1d4 ($26.23 in chips)
Seat 4: Hero ($31.05 in chips)
Seat 5: 263505ae ($30.88 in chips)
Seat 6: 1104b312 ($25 in chips)
c9d5a0cb: posts small blind $0.1
3dcea1d4: posts big blind $0.25
*** HOLE CARDS ***
Dealt to 5617339a 
Dealt to c9d5a0cb 
Dealt to 3dcea1d4 
Dealt to Hero [Ah 3d]
Dealt to 263505ae 
Dealt to 1104b312 
Hero: folds
263505ae: folds
1104b312: raises $0.38 to $0.63
5617339a: folds
c9d5a0cb: folds
3dcea1d4: calls $0.38
*** FLOP *** [6d Jc 5c]
3dcea1d4: checks
1104b312: bets $1
3dcea1d4: folds
Uncalled bet ($1) returned to 1104b312
*** SHOWDOWN ***
1104b312 collected $1.3 from pot
*** SUMMARY ***
Total pot $1.36 | Rake $0.06 | Jackpot $0 | Bingo $0 | Fortune $0 | Tax $0
Board [6d Jc 5c]
Seat 1: 5617339a (button) folded before Flop (didn't bet)
Seat 2: c9d5a0cb (small blind) folded before Flop
Seat 3: 3dcea1d4 (big blind) folded on the Flop
Seat 4: Hero folded before Flop (didn't bet)
Seat 5: 263505ae folded before Flop (didn't bet)
Seat 6: 1104b312 won ($1.3)


Poker Hand #RC3156923643: Hold'em No Limit ($0.1/$0.25) - 2024/12/17 21:39:33
Table 'RushAndCash1930357' 6-max Seat #1 is the button
Seat 1: 23409ffe ($24.49 in chips)
Seat 2: 3dcea1d4 ($26.33 in chips)
Seat 3: 4da21d4d ($39.47 in chips)
Seat 4: Hero ($31.05 in chips)
Seat 5: 4d941c ($66.33 in chips)
Seat 6: 5617339a ($61.4 in chips)
3dcea1d4: posts small blind $0.1
4da21d4d: posts big blind $0.25
*** HOLE CARDS ***
Dealt to 23409ffe 
Dealt to 3dcea1d4 
Dealt to 4da21d4d 
Dealt to Hero [6d 7s]
Dealt to 4d941c 
Dealt to 5617339a 
Hero: folds
4d941c: folds
5617339a: folds
23409ffe: folds
3dcea1d4: folds
Uncalled bet ($0.15) returned to 4da21d4d
*** SHOWDOWN ***
4da21d4d collected $0.2 from pot
*** SUMMARY ***
Total pot $0.2 | Rake $0 | Jackpot $0 | Bingo $0 | Fortune $0 | Tax $0
Seat 1: 23409ffe (button) folded before Flop (didn't bet)
Seat 2: 3dcea1d4 (small blind) folded before Flop
Seat 3: 4da21d4d (big blind) collected ($0.2)
Seat 4: Hero folded before Flop (didn't bet)
Seat 5: 4d941c folded before Flop (didn't bet)
Seat 6: 5617339a folded before Flop (didn't bet)


Poker Hand #RC3156923566: Hold'em No Limit ($0.1/$0.25) - 2024/12/17 21:39:22
Table 'RushAndCash1930303' 6-max Seat #1 is the button
Seat 1: Hero ($31.05 in chips)
Seat 2: aeb734bd ($22.15 in chips)
Seat 3: 2d0b6640 ($121.65 in chips)
Seat 4: ba56bd1b ($48.63 in chips)
Seat 5: d1a606e4 ($40.15 in chips)
Seat 6: 2fedbb6d ($52.69 in chips)
aeb734bd: posts small blind $0.1
2d0b6640: posts big blind $0.25
*** HOLE CARDS ***
Dealt to Hero [9d 8d]
Dealt to aeb734bd 
Dealt to 2d0b6640 
Dealt to ba56bd1b 
Dealt to d1a606e4 
Dealt to 2fedbb6d 
ba56bd1b: raises $0.5 to $0.75
d1a606e4: folds
2fedbb6d: raises $1.5 to $2.25
Hero: folds
aeb734bd: folds
2d0b6640: folds
ba56bd1b: folds
Uncalled bet ($1.5) returned to 2fedbb6d
*** SHOWDOWN ***
2fedbb6d collected $1.76 from pot
*** SUMMARY ***
Total pot $1.85 | Rake $0.09 | Jackpot $0 | Bingo $0 | Fortune $0 | Tax $0
Seat 1: Hero (button) folded before Flop (didn't bet)
Seat 2: aeb734bd (small blind) folded before Flop
Seat 3: 2d0b6640 (big blind) folded before Flop
Seat 4: ba56bd1b folded before Flop
Seat 5: d1a606e4 folded before Flop (didn't bet)
Seat 6: 2fedbb6d collected ($1.76)


Poker Hand #RC3156923483: Hold'em No Limit ($0.1/$0.25) - 2024/12/17 21:39:10
Table 'RushAndCash1930246' 6-max Seat #1 is the button
Seat 1: a3ac7c61 ($44.54 in chips)
Seat 2: Hero ($31.15 in chips)
Seat 3: a9daf0a4 ($21.38 in chips)
Seat 4: d1a606e4 ($40.05 in chips)
Seat 5: 7efce8a1 ($25.02 in chips)
Seat 6: a43f3b1c ($25 in chips)
Hero: posts small blind $0.1
a9daf0a4: posts big blind $0.25
*** HOLE CARDS ***
Dealt to a3ac7c61 
Dealt to Hero [Ah 9c]
Dealt to a9daf0a4 
Dealt to d1a606e4 
Dealt to 7efce8a1 
Dealt to a43f3b1c 
d1a606e4: folds
7efce8a1: folds
a43f3b1c: raises $0.38 to $0.63
a3ac7c61: folds
Hero: folds
a9daf0a4: folds
Uncalled bet ($0.38) returned to a43f3b1c
*** SHOWDOWN ***
a43f3b1c collected $0.6 from pot
*** SUMMARY ***
Total pot $0.6 | Rake $0 | Jackpot $0 | Bingo $0 | Fortune $0 | Tax $0
Seat 1: a3ac7c61 (button) folded before Flop (didn't bet)
Seat 2: Hero (small blind) folded before Flop
Seat 3: a9daf0a4 (big blind) folded before Flop
Seat 4: d1a606e4 folded before Flop (didn't bet)
Seat 5: 7efce8a1 folded before Flop (didn't bet)
Seat 6: a43f3b1c collected ($0.6)


Poker Hand #RC3156923398: Hold'em No Limit ($0.1/$0.25) - 2024/12/17 21:38:58
Table 'RushAndCash1930190' 6-max Seat #1 is the button
Seat 1: ee43f530 ($29 in chips)
Seat 2: ed480281 ($27.43 in chips)
Seat 3: Hero ($31.4 in chips)
Seat 4: a811cb67 ($24.82 in chips)
Seat 5: b02f283c ($52.43 in chips)
Seat 6: 87da680 ($70.76 in chips)
ed480281: posts small blind $0.1
Hero: posts big blind $0.25
*** HOLE CARDS ***
Dealt to ee43f530 
Dealt to ed480281 
Dealt to Hero [Ac 7s]
Dealt to a811cb67 
Dealt to b02f283c 
Dealt to 87da680 
a811cb67: folds
b02f283c: folds
87da680: raises $0.3 to $0.55
ee43f530: raises $1.15 to $1.7
ed480281: folds
Hero: folds
87da680: folds
Uncalled bet ($1.15) returned to ee43f530
*** SHOWDOWN ***
ee43f530 collected $1.38 from pot
*** SUMMARY ***
Total pot $1.45 | Rake $0.07 | Jackpot $0 | Bingo $0 | Fortune $0 | Tax $0
Seat 1: ee43f530 (button) collected ($1.38)
Seat 2: ed480281 (small blind) folded before Flop
Seat 3: Hero (big blind) folded before Flop
Seat 4: a811cb67 folded before Flop (didn't bet)
Seat 5: b02f283c folded before Flop (didn't bet)
Seat 6: 87da680 folded before Flop


Poker Hand #RC3156923372: Hold'em No Limit ($0.1/$0.25) - 2024/12/17 21:38:54
Table 'RushAndCash1930172' 6-max Seat #1 is the button
Seat 1: 76247bf2 ($28.06 in chips)
Seat 2: ab16cbe1 ($69.38 in chips)
Seat 3: 6f93fffc ($33.2 in chips)
Seat 4: Hero ($31.4 in chips)
Seat 5: eaacad51 ($29.66 in chips)
Seat 6: 5f049b0a ($26.98 in chips)
ab16cbe1: posts small blind $0.1
6f93fffc: posts big blind $0.25
*** HOLE CARDS ***
Dealt to 76247bf2 
Dealt to ab16cbe1 
Dealt to 6f93fffc 
Dealt to Hero [Ks 5h]
Dealt to eaacad51 
Dealt to 5f049b0a 
Hero: folds
eaacad51: folds
5f049b0a: raises $0.38 to $0.63
76247bf2: raises $1.63 to $2.26
ab16cbe1: folds
6f93fffc: folds
5f049b0a: folds
Uncalled bet ($1.63) returned to 76247bf2
*** SHOWDOWN ***
76247bf2 collected $1.52 from pot
*** SUMMARY ***
Total pot $1.61 | Rake $0.09 | Jackpot $0 | Bingo $0 | Fortune $0 | Tax $0
Seat 1: 76247bf2 (button) collected ($1.52)
Seat 2: ab16cbe1 (small blind) folded before Flop
Seat 3: 6f93fffc (big blind) folded before Flop
Seat 4: Hero folded before Flop (didn't bet)
Seat 5: eaacad51 folded before Flop (didn't bet)
Seat 6: 5f049b0a folded before Flop


Poker Hand #RC3156923349: Hold'em No Limit ($0.1/$0.25) - 2024/12/17 21:38:50
Table 'RushAndCash1930156' 6-max Seat #1 is the button
Seat 1: 242d5be7 ($24.15 in chips)
Seat 2: 235feca1 ($25.1 in chips)
Seat 3: 20d6253 ($50.67 in chips)
Seat 4: 7ebeb437 ($25.9 in chips)
Seat 5: cd518d8d ($25.35 in chips)
Seat 6: Hero ($31.4 in chips)
235feca1: posts small blind $0.1
20d6253: posts big blind $0.25
*** HOLE CARDS ***
Dealt to 242d5be7 
Dealt to 235feca1 
Dealt to 20d6253 
Dealt to 7ebeb437 
Dealt to cd518d8d 
Dealt to Hero [Jh 6c]
7ebeb437: folds
cd518d8d: raises $0.25 to $0.5
Hero: folds
242d5be7: folds
235feca1: folds
20d6253: calls $0.25
*** FLOP *** [Qc 8c Jc]
20d6253: checks
cd518d8d: bets $0.37
20d6253: folds
Uncalled bet ($0.37) returned to cd518d8d
*** SHOWDOWN ***
cd518d8d collected $1.05 from pot
*** SUMMARY ***
Total pot $1.1 | Rake $0.05 | Jackpot $0 | Bingo $0 | Fortune $0 | Tax $0
Board [Qc 8c Jc]
Seat 1: 242d5be7 (button) folded before Flop (didn't bet)
Seat 2: 235feca1 (small blind) folded before Flop
Seat 3: 20d6253 (big blind) folded on the Flop
Seat 4: 7ebeb437 folded before Flop (didn't bet)
Seat 5: cd518d8d won ($1.05)
Seat 6: Hero folded before Flop (didn't bet)


Poker Hand #RC3156923208: Hold'em No Limit ($0.1/$0.25) - 2024/12/17 21:38:29
Table 'RushAndCash1930059' 6-max Seat #1 is the button
Seat 1: bf10fa6a ($33.38 in chips)
Seat 2: bd240a5d ($24.5 in chips)
Seat 3: 3aa365cd ($22.25 in chips)
Seat 4: 8393e232 ($85.57 in chips)
Seat 5: d9b0042b ($9.5 in chips)
Seat 6: Hero ($30.61 in chips)
bd240a5d: posts small blind $0.1
3aa365cd: posts big blind $0.25
*** HOLE CARDS ***
Dealt to bf10fa6a 
Dealt to bd240a5d 
Dealt to 3aa365cd 
Dealt to 8393e232 
Dealt to d9b0042b 
Dealt to Hero [Kh Qd]
8393e232: folds
d9b0042b: raises $0.25 to $0.5
Hero: raises $1.02 to $1.52
bf10fa6a: folds
bd240a5d: folds
3aa365cd: folds
d9b0042b: folds
Uncalled bet ($1.02) returned to Hero
*** SHOWDOWN ***
Hero collected $1.29 from pot
*** SUMMARY ***
Total pot $1.35 | Rake $0.06 | Jackpot $0 | Bingo $0 | Fortune $0 | Tax $0
Seat 1: bf10fa6a (button) folded before Flop (didn't bet)
Seat 2: bd240a5d (small blind) folded before Flop
Seat 3: 3aa365cd (big blind) folded before Flop
Seat 4: 8393e232 folded before Flop (didn't bet)
Seat 5: d9b0042b folded before Flop
Seat 6: Hero collected ($1.29)


Poker Hand #RC3156923148: Hold'em No Limit ($0.1/$0.25) - 2024/12/17 21:38:19
Table 'RushAndCash1930015' 6-max Seat #1 is the button
Seat 1: Hero ($30.61 in chips)
Seat 2: 1326618e ($50.49 in chips)
Seat 3: 693c51d2 ($25 in chips)
Seat 4: e69b6663 ($24.7 in chips)
Seat 5: a525e21c ($28.68 in chips)
Seat 6: 369e30d2 ($25.67 in chips)
1326618e: posts small blind $0.1
693c51d2: posts big blind $0.25
*** HOLE CARDS ***
Dealt to Hero [4h 8c]
Dealt to 1326618e 
Dealt to 693c51d2 
Dealt to e69b6663 
Dealt to a525e21c 
Dealt to 369e30d2 
e69b6663: folds
a525e21c: folds
369e30d2: raises $0.3 to $0.55
Hero: folds
1326618e: folds
693c51d2: calls $0.3
*** FLOP *** [9h 6h 7s]
693c51d2: checks
369e30d2: bets $0.9
693c51d2: raises $1.5 to $2.4
369e30d2: calls $1.5
*** TURN *** [9h 6h 7s] [2c]
693c51d2: bets $6
369e30d2: calls $6
*** RIVER *** [9h 6h 7s 2c] [9d]
693c51d2: checks
369e30d2: checks
693c51d2: shows [3h Ah] (Pair of Nines)
369e30d2: shows [Ks Kd] (Pair of Kings and Pair of Nines)
*** SHOWDOWN ***
369e30d2 collected $16.88 from pot
*** SUMMARY ***
Total pot $18 | Rake $0.75 | Jackpot $0.37 | Bingo $0 | Fortune $0 | Tax $0
Board [9h 6h 7s 2c 9d]
Seat 1: Hero (button) folded before Flop (didn't bet)
Seat 2: 1326618e (small blind) folded before Flop
Seat 3: 693c51d2 (big blind) showed [3h Ah] and lost with Pair of Nines
Seat 4: e69b6663 folded before Flop (didn't bet)
Seat 5: a525e21c folded before Flop (didn't bet)
Seat 6: 369e30d2 showed [Ks Kd] and won ($16.88) with Pair of Kings and Pair of Nines


Poker Hand #RC3156923062: Hold'em No Limit ($0.1/$0.25) - 2024/12/17 21:38:06
Table 'RushAndCash1929953' 6-max Seat #1 is the button
Seat 1: 4ac99142 ($29.23 in chips)
Seat 2: Hero ($30.71 in chips)
Seat 3: c0ab356a ($8.62 in chips)
Seat 4: 532a6b71 ($25.12 in chips)
Seat 5: f9c110d5 ($21.23 in chips)
Seat 6: b0c789f3 ($41.77 in chips)
Hero: posts small blind $0.1
c0ab356a: posts big blind $0.25
*** HOLE CARDS ***
Dealt to 4ac99142 
Dealt to Hero [7d Kd]
Dealt to c0ab356a 
Dealt to 532a6b71 
Dealt to f9c110d5 
Dealt to b0c789f3 
532a6b71: folds
f9c110d5: raises $0.25 to $0.5
b0c789f3: folds
4ac99142: raises $1.35 to $1.85
Hero: folds
c0ab356a: folds
f9c110d5: folds
Uncalled bet ($1.35) returned to 4ac99142
*** SHOWDOWN ***
4ac99142 collected $1.27 from pot
*** SUMMARY ***
Total pot $1.35 | Rake $0.08 | Jackpot $0 | Bingo $0 | Fortune $0 | Tax $0
Seat 1: 4ac99142 (button) collected ($1.27)
Seat 2: Hero (small blind) folded before Flop
Seat 3: c0ab356a (big blind) folded before Flop
Seat 4: 532a6b71 folded before Flop (didn't bet)
Seat 5: f9c110d5 folded before Flop
Seat 6: b0c789f3 folded before Flop (didn't bet)


Poker Hand #RC3156922996: Hold'em No Limit ($0.1/$0.25) - 2024/12/17 21:37:57
Table 'RushAndCash1929908' 6-max Seat #1 is the button
Seat 1: ec054b69 ($16.42 in chips)
Seat 2: 98e2c354 ($55.39 in chips)
Seat 3: Hero ($30.96 in chips)
Seat 4: 3734e01b ($37.59 in chips)
Seat 5: 1326618e ($50.39 in chips)
Seat 6: 4e86aa57 ($30.55 in chips)
98e2c354: posts small blind $0.1
Hero: posts big blind $0.25
*** HOLE CARDS ***
Dealt to ec054b69 
Dealt to 98e2c354 
Dealt to Hero [5c 2h]
Dealt to 3734e01b 
Dealt to 1326618e 
Dealt to 4e86aa57 
3734e01b: folds
1326618e: raises $0.25 to $0.5
4e86aa57: folds
ec054b69: folds
98e2c354: folds
Hero: folds
Uncalled bet ($0.25) returned to 1326618e
*** SHOWDOWN ***
1326618e collected $0.6 from pot
*** SUMMARY ***
Total pot $0.6 | Rake $0 | Jackpot $0 | Bingo $0 | Fortune $0 | Tax $0
Seat 1: ec054b69 (button) folded before Flop (didn't bet)
Seat 2: 98e2c354 (small blind) folded before Flop
Seat 3: Hero (big blind) folded before Flop
Seat 4: 3734e01b folded before Flop (didn't bet)
Seat 5: 1326618e collected ($0.6)
Seat 6: 4e86aa57 folded before Flop (didn't bet)


Poker Hand #RC3156922977: Hold'em No Limit ($0.1/$0.25) - 2024/12/17 21:37:53
Table 'RushAndCash1929895' 6-max Seat #1 is the button
Seat 1: 46f81266 ($39.11 in chips)
Seat 2: 5779ece2 ($25.68 in chips)
Seat 3: d44abccc ($25.44 in chips)
Seat 4: e29c9fcd ($29.76 in chips)
Seat 5: Hero ($30.96 in chips)
Seat 6: 74ce70e4 ($30.24 in chips)
5779ece2: posts small blind $0.1
d44abccc: posts big blind $0.25
*** HOLE CARDS ***
Dealt to 46f81266 
Dealt to 5779ece2 
Dealt to d44abccc 
Dealt to e29c9fcd 
Dealt to Hero [5d 4h]
Dealt to 74ce70e4 
e29c9fcd: raises $0.38 to $0.63
Hero: folds
74ce70e4: folds
46f81266: folds
5779ece2: folds
d44abccc: folds
Uncalled bet ($0.38) returned to e29c9fcd
*** SHOWDOWN ***
e29c9fcd collected $0.6 from pot
*** SUMMARY ***
Total pot $0.6 | Rake $0 | Jackpot $0 | Bingo $0 | Fortune $0 | Tax $0
Seat 1: 46f81266 (button) folded before Flop (didn't bet)
Seat 2: 5779ece2 (small blind) folded before Flop
Seat 3: d44abccc (big blind) folded before Flop
Seat 4: e29c9fcd collected ($0.6)
Seat 5: Hero folded before Flop (didn't bet)
Seat 6: 74ce70e4 folded before Flop (didn't bet)


Poker Hand #RC3156922549: Hold'em No Limit ($0.1/$0.25) - 2024/12/17 21:36:51
Table 'RushAndCash1929591' 6-max Seat #1 is the button
Seat 1: 29c8905f ($10.53 in chips)
Seat 2: e29c9fcd ($28.07 in chips)
Seat 3: 5f0b82e8 ($25 in chips)
Seat 4: Hero ($32.04 in chips)
Seat 5: 67e7d9e0 ($17.16 in chips)
Seat 6: a344ddae ($37.4 in chips)
e29c9fcd: posts small blind $0.1
5f0b82e8: posts big blind $0.25
*** HOLE CARDS ***
Dealt to 29c8905f 
Dealt to e29c9fcd 
Dealt to 5f0b82e8 
Dealt to Hero [4d 4h]
Dealt to 67e7d9e0 
Dealt to a344ddae 
Hero: raises $0.25 to $0.5
67e7d9e0: calls $0.5
a344ddae: folds
29c8905f: folds
e29c9fcd: calls $0.4
5f0b82e8: folds
*** FLOP *** [7d 3h 5h]
e29c9fcd: checks
Hero: checks
67e7d9e0: checks
*** TURN *** [7d 3h 5h] [2h]
e29c9fcd: checks
Hero: bets $0.58
67e7d9e0: folds
e29c9fcd: calls $0.58
*** RIVER *** [7d 3h 5h 2h] [Kc]
e29c9fcd: checks
Hero: checks
e29c9fcd: shows [8s 8c] (Pair of Eights)
Hero: shows [4d 4h] (Pair of Fours)
*** SHOWDOWN ***
e29c9fcd collected $2.77 from pot
*** SUMMARY ***
Total pot $2.91 | Rake $0.14 | Jackpot $0 | Bingo $0 | Fortune $0 | Tax $0
Board [7d 3h 5h 2h Kc]
Seat 1: 29c8905f (button) folded before Flop (didn't bet)
Seat 2: e29c9fcd (small blind) showed [8s 8c] and won ($2.77) with Pair of Eights
Seat 3: 5f0b82e8 (big blind) folded before Flop
Seat 4: Hero showed [4d 4h] and lost with Pair of Fours
Seat 5: 67e7d9e0 folded on the Turn
Seat 6: a344ddae folded before Flop (didn't bet)


Poker Hand #RC3156922513: Hold'em No Limit ($0.1/$0.25) - 2024/12/17 21:36:46
Table 'RushAndCash1929568' 6-max Seat #1 is the button
Seat 1: 919c56f5 ($31.82 in chips)
Seat 2: 5c67f749 ($25.77 in chips)
Seat 3: 68fe3be5 ($27.41 in chips)
Seat 4: Hero ($32.04 in chips)
Seat 5: f69aae46 ($25 in chips)
Seat 6: 596abd5a ($74.79 in chips)
5c67f749: posts small blind $0.1
68fe3be5: posts big blind $0.25
*** HOLE CARDS ***
Dealt to 919c56f5 
Dealt to 5c67f749 
Dealt to 68fe3be5 
Dealt to Hero [7c 6s]
Dealt to f69aae46 
Dealt to 596abd5a 
Hero: folds
f69aae46: folds
596abd5a: folds
919c56f5: folds
5c67f749: raises $0.5 to $0.75
68fe3be5: folds
Uncalled bet ($0.5) returned to 5c67f749
*** SHOWDOWN ***
5c67f749 collected $0.5 from pot
*** SUMMARY ***
Total pot $0.5 | Rake $0 | Jackpot $0 | Bingo $0 | Fortune $0 | Tax $0
Seat 1: 919c56f5 (button) folded before Flop (didn't bet)
Seat 2: 5c67f749 (small blind) collected ($0.5)
Seat 3: 68fe3be5 (big blind) folded before Flop
Seat 4: Hero folded before Flop (didn't bet)
Seat 5: f69aae46 folded before Flop (didn't bet)
Seat 6: 596abd5a folded before Flop (didn't bet)


Poker Hand #RC3156922436: Hold'em No Limit ($0.1/$0.25) - 2024/12/17 21:36:34
Table 'RushAndCash1929515' 6-max Seat #1 is the button
Seat 1: Hero ($32.04 in chips)
Seat 2: 2a0e18a7 ($26.1 in chips)
Seat 3: abfe6a2e ($57.72 in chips)
Seat 4: ad3ab127 ($25.55 in chips)
Seat 5: ba56bd1b ($25 in chips)
Seat 6: a4c7f06e ($26.34 in chips)
2a0e18a7: posts small blind $0.1
abfe6a2e: posts big blind $0.25
*** HOLE CARDS ***
Dealt to Hero [Jd Kc]
Dealt to 2a0e18a7 
Dealt to abfe6a2e 
Dealt to ad3ab127 
Dealt to ba56bd1b 
Dealt to a4c7f06e 
ad3ab127: folds
ba56bd1b: raises $0.5 to $0.75
a4c7f06e: folds
Hero: folds
2a0e18a7: folds
abfe6a2e: folds
Uncalled bet ($0.5) returned to ba56bd1b
*** SHOWDOWN ***
ba56bd1b collected $0.6 from pot
*** SUMMARY ***
Total pot $0.6 | Rake $0 | Jackpot $0 | Bingo $0 | Fortune $0 | Tax $0
Seat 1: Hero (button) folded before Flop (didn't bet)
Seat 2: 2a0e18a7 (small blind) folded before Flop
Seat 3: abfe6a2e (big blind) folded before Flop
Seat 4: ad3ab127 folded before Flop (didn't bet)
Seat 5: ba56bd1b collected ($0.6)
Seat 6: a4c7f06e folded before Flop (didn't bet)


Poker Hand #RC3156922387: Hold'em No Limit ($0.1/$0.25) - 2024/12/17 21:36:27
Table 'RushAndCash1929481' 6-max Seat #1 is the button
Seat 1: 1ff90b73 ($55.44 in chips)
Seat 2: Hero ($32.14 in chips)
Seat 3: 596abd5a ($75.14 in chips)
Seat 4: 44f66e84 ($105.25 in chips)
Seat 5: 9ac659de ($57.57 in chips)
Seat 6: df354c6d ($42.13 in chips)
Hero: posts small blind $0.1
596abd5a: posts big blind $0.25
*** HOLE CARDS ***
Dealt to 1ff90b73 
Dealt to Hero [9h 4d]
Dealt to 596abd5a 
Dealt to 44f66e84 
Dealt to 9ac659de 
Dealt to df354c6d 
44f66e84: folds
9ac659de: folds
df354c6d: raises $0.38 to $0.63
1ff90b73: folds
Hero: folds
596abd5a: folds
Uncalled bet ($0.38) returned to df354c6d
*** SHOWDOWN ***
df354c6d collected $0.6 from pot
*** SUMMARY ***
Total pot $0.6 | Rake $0 | Jackpot $0 | Bingo $0 | Fortune $0 | Tax $0
Seat 1: 1ff90b73 (button) folded before Flop (didn't bet)
Seat 2: Hero (small blind) folded before Flop
Seat 3: 596abd5a (big blind) folded before Flop
Seat 4: 44f66e84 folded before Flop (didn't bet)
Seat 5: 9ac659de folded before Flop (didn't bet)
Seat 6: df354c6d collected ($0.6)


Poker Hand #RC3156922267: Hold'em No Limit ($0.1/$0.25) - 2024/12/17 21:36:08
Table 'RushAndCash1929398' 6-max Seat #1 is the button
Seat 1: 1c957ed2 ($35.6 in chips)
Seat 2: 3a0fd082 ($20.37 in chips)
Seat 3: Hero ($32.39 in chips)
Seat 4: eaaae547 ($29.16 in chips)
Seat 5: 65884e08 ($27.57 in chips)
Seat 6: 795fbd24 ($22.02 in chips)
3a0fd082: posts small blind $0.1
Hero: posts big blind $0.25
*** HOLE CARDS ***
Dealt to 1c957ed2 
Dealt to 3a0fd082 
Dealt to Hero [Kc As]
Dealt to eaaae547 
Dealt to 65884e08 
Dealt to 795fbd24 
eaaae547: folds
65884e08: folds
795fbd24: raises $0.6 to $0.85
1c957ed2: folds
3a0fd082: raises $0.85 to $1.7
Hero: folds
795fbd24: calls $0.85
*** FLOP *** [Kh 7d 9s]
3a0fd082: bets $3.65
795fbd24: folds
Uncalled bet ($3.65) returned to 3a0fd082
*** SHOWDOWN ***
3a0fd082 collected $3.44 from pot
*** SUMMARY ***
Total pot $3.65 | Rake $0.21 | Jackpot $0 | Bingo $0 | Fortune $0 | Tax $0
Board [Kh 7d 9s]
Seat 1: 1c957ed2 (button) folded before Flop (didn't bet)
Seat 2: 3a0fd082 (small blind) won ($3.44)
Seat 3: Hero (big blind) folded before Flop
Seat 4: eaaae547 folded before Flop (didn't bet)
Seat 5: 65884e08 folded before Flop (didn't bet)
Seat 6: 795fbd24 folded on the Flop


Poker Hand #RC3156922244: Hold'em No Limit ($0.1/$0.25) - 2024/12/17 21:36:04
Table 'RushAndCash1929382' 6-max Seat #1 is the button
Seat 1: a811cb67 ($24.8 in chips)
Seat 2: 49a3acf5 ($25 in chips)
Seat 3: 84580d49 ($11.24 in chips)
Seat 4: df354c6d ($42.48 in chips)
Seat 5: bdd65f02 ($25.25 in chips)
Seat 6: Hero ($32.39 in chips)
49a3acf5: posts small blind $0.1
84580d49: posts big blind $0.25
*** HOLE CARDS ***
Dealt to a811cb67 
Dealt to 49a3acf5 
Dealt to 84580d49 
Dealt to df354c6d 
Dealt to bdd65f02 
Dealt to Hero [2h Th]
df354c6d: folds
bdd65f02: folds
Hero: folds
a811cb67: folds
49a3acf5: folds
Uncalled bet ($0.15) returned to 84580d49
*** SHOWDOWN ***
84580d49 collected $0.2 from pot
*** SUMMARY ***
Total pot $0.2 | Rake $0 | Jackpot $0 | Bingo $0 | Fortune $0 | Tax $0
Seat 1: a811cb67 (button) folded before Flop (didn't bet)
Seat 2: 49a3acf5 (small blind) folded before Flop
Seat 3: 84580d49 (big blind) collected ($0.2)
Seat 4: df354c6d folded before Flop (didn't bet)
Seat 5: bdd65f02 folded before Flop (didn't bet)
Seat 6: Hero folded before Flop (didn't bet)


Poker Hand #RC3156922203: Hold'em No Limit ($0.1/$0.25) - 2024/12/17 21:35:58
Table 'RushAndCash1929354' 6-max Seat #1 is the button
Seat 1: 1104b312 ($25 in chips)
Seat 2: f69aae46 ($25.45 in chips)
Seat 3: 58600ee7 ($26.78 in chips)
Seat 4: a80cf9ba ($153.27 in chips)
Seat 5: Hero ($32.39 in chips)
Seat 6: b10afa26 ($44.57 in chips)
f69aae46: posts small blind $0.1
58600ee7: posts big blind $0.25
*** HOLE CARDS ***
Dealt to 1104b312 
Dealt to f69aae46 
Dealt to 58600ee7 
Dealt to a80cf9ba 
Dealt to Hero [8s Ad]
Dealt to b10afa26 
a80cf9ba: folds
Hero: folds
b10afa26: folds
1104b312: folds
f69aae46: folds
Uncalled bet ($0.15) returned to 58600ee7
*** SHOWDOWN ***
58600ee7 collected $0.2 from pot
*** SUMMARY ***
Total pot $0.2 | Rake $0 | Jackpot $0 | Bingo $0 | Fortune $0 | Tax $0
Seat 1: 1104b312 (button) folded before Flop (didn't bet)
Seat 2: f69aae46 (small blind) folded before Flop
Seat 3: 58600ee7 (big blind) collected ($0.2)
Seat 4: a80cf9ba folded before Flop (didn't bet)
Seat 5: Hero folded before Flop (didn't bet)
Seat 6: b10afa26 folded before Flop (didn't bet)


Poker Hand #RC3156922180: Hold'em No Limit ($0.1/$0.25) - 2024/12/17 21:35:55
Table 'RushAndCash1929339' 6-max Seat #1 is the button
Seat 1: a7adcdd9 ($25.53 in chips)
Seat 2: 1104b312 ($25 in chips)
Seat 3: 453e9a9e ($25.15 in chips)
Seat 4: a6a13672 ($59.89 in chips)
Seat 5: d587cf19 ($21.43 in chips)
Seat 6: Hero ($32.39 in chips)
1104b312: posts small blind $0.1
453e9a9e: posts big blind $0.25
*** HOLE CARDS ***
Dealt to a7adcdd9 
Dealt to 1104b312 
Dealt to 453e9a9e 
Dealt to a6a13672 
Dealt to d587cf19 
Dealt to Hero [9c 7h]
a6a13672: folds
d587cf19: raises $0.5 to $0.75
Hero: folds
a7adcdd9: calls $0.75
1104b312: folds
453e9a9e: folds
*** FLOP *** [Qd 5d Ah]
d587cf19: bets $0.93
a7adcdd9: calls $0.93
*** TURN *** [Qd 5d Ah] [9h]
d587cf19: bets $1.86
a7adcdd9: folds
Uncalled bet ($1.86) returned to d587cf19
*** SHOWDOWN ***
d587cf19 collected $3.53 from pot
*** SUMMARY ***
Total pot $3.71 | Rake $0.18 | Jackpot $0 | Bingo $0 | Fortune $0 | Tax $0
Board [Qd 5d Ah 9h]
Seat 1: a7adcdd9 (button) folded on the Turn
Seat 2: 1104b312 (small blind) folded before Flop
Seat 3: 453e9a9e (big blind) folded before Flop
Seat 4: a6a13672 folded before Flop (didn't bet)
Seat 5: d587cf19 won ($3.53)
Seat 6: Hero folded before Flop (didn't bet)


Poker Hand #RC3156922158: Hold'em No Limit ($0.1/$0.25) - 2024/12/17 21:35:51
Table 'RushAndCash1929324' 6-max Seat #1 is the button
Seat 1: Hero ($32.39 in chips)
Seat 2: 9886af91 ($27.72 in chips)
Seat 3: 4ac99142 ($28.62 in chips)
Seat 4: d1a606e4 ($39.88 in chips)
Seat 5: 8a444513 ($39.01 in chips)
Seat 6: e1184ba3 ($17.02 in chips)
9886af91: posts small blind $0.1
4ac99142: posts big blind $0.25
*** HOLE CARDS ***
Dealt to Hero [2c Jh]
Dealt to 9886af91 
Dealt to 4ac99142 
Dealt to d1a606e4 
Dealt to 8a444513 
Dealt to e1184ba3 
d1a606e4: raises $0.3 to $0.55
8a444513: calls $0.55
e1184ba3: folds
Hero: folds
9886af91: folds
4ac99142: calls $0.3
*** FLOP *** [8c Qd 9c]
4ac99142: checks
d1a606e4: checks
8a444513: checks
*** TURN *** [8c Qd 9c] [3c]
4ac99142: checks
d1a606e4: checks
8a444513: bets $0.58
4ac99142: calls $0.58
d1a606e4: folds
*** RIVER *** [8c Qd 9c 3c] [6d]
4ac99142: checks
8a444513: checks
4ac99142: shows [9s Js] (Pair of Nines)
8a444513: shows [Kc Td] (King-High)
*** SHOWDOWN ***
4ac99142 collected $2.74 from pot
*** SUMMARY ***
Total pot $2.91 | Rake $0.17 | Jackpot $0 | Bingo $0 | Fortune $0 | Tax $0
Board [8c Qd 9c 3c 6d]
Seat 1: Hero (button) folded before Flop (didn't bet)
Seat 2: 9886af91 (small blind) folded before Flop
Seat 3: 4ac99142 (big blind) showed [9s Js] and won ($2.74) with Pair of Nines
Seat 4: d1a606e4 folded on the Turn
Seat 5: 8a444513 showed [Kc Td] and lost with King-High
Seat 6: e1184ba3 folded before Flop (didn't bet)


Poker Hand #RC3156922104: Hold'em No Limit ($0.1/$0.25) - 2024/12/17 21:35:43
Table 'RushAndCash1929288' 6-max Seat #1 is the button
Seat 1: 3ea49c63 ($28.82 in chips)
Seat 2: Hero ($32.49 in chips)
Seat 3: cfb49f79 ($59.04 in chips)
Seat 4: dcf95ab8 ($25 in chips)
Seat 5: 60ee713c ($28.47 in chips)
Seat 6: 880de2a8 ($37.94 in chips)
Hero: posts small blind $0.1
cfb49f79: posts big blind $0.25
*** HOLE CARDS ***
Dealt to 3ea49c63 
Dealt to Hero [6s 6h]
Dealt to cfb49f79 
Dealt to dcf95ab8 
Dealt to 60ee713c 
Dealt to 880de2a8 
dcf95ab8: folds
60ee713c: folds
880de2a8: raises $0.38 to $0.63
3ea49c63: folds
Hero: folds
cfb49f79: folds
Uncalled bet ($0.38) returned to 880de2a8
*** SHOWDOWN ***
880de2a8 collected $0.6 from pot
*** SUMMARY ***
Total pot $0.6 | Rake $0 | Jackpot $0 | Bingo $0 | Fortune $0 | Tax $0
Seat 1: 3ea49c63 (button) folded before Flop (didn't bet)
Seat 2: Hero (small blind) folded before Flop
Seat 3: cfb49f79 (big blind) folded before Flop
Seat 4: dcf95ab8 folded before Flop (didn't bet)
Seat 5: 60ee713c folded before Flop (didn't bet)
Seat 6: 880de2a8 collected ($0.6)


Poker Hand #RC3156922012: Hold'em No Limit ($0.1/$0.25) - 2024/12/17 21:35:30
Table 'RushAndCash1929224' 6-max Seat #1 is the button
Seat 1: c0ab356a ($4.68 in chips)
Seat 2: a80cf9ba ($153.57 in chips)
Seat 3: Hero ($32.39 in chips)
Seat 4: f57088c0 ($107.34 in chips)
Seat 5: 2d0b6640 ($123.25 in chips)
Seat 6: 559ab600 ($26.2 in chips)
a80cf9ba: posts small blind $0.1
Hero: posts big blind $0.25
*** HOLE CARDS ***
Dealt to c0ab356a 
Dealt to a80cf9ba 
Dealt to Hero [5c 3s]
Dealt to f57088c0 
Dealt to 2d0b6640 
Dealt to 559ab600 
f57088c0: folds
2d0b6640: folds
559ab600: folds
c0ab356a: folds
a80cf9ba: folds
Uncalled bet ($0.15) returned to Hero
*** SHOWDOWN ***
Hero collected $0.2 from pot
*** SUMMARY ***
Total pot $0.2 | Rake $0 | Jackpot $0 | Bingo $0 | Fortune $0 | Tax $0
Seat 1: c0ab356a (button) folded before Flop (didn't bet)
Seat 2: a80cf9ba (small blind) folded before Flop
Seat 3: Hero (big blind) collected ($0.2)
Seat 4: f57088c0 folded before Flop (didn't bet)
Seat 5: 2d0b6640 folded before Flop (didn't bet)
Seat 6: 559ab600 folded before Flop (didn't bet)


Poker Hand #RC3156921927: Hold'em No Limit ($0.1/$0.25) - 2024/12/17 21:35:17
Table 'RushAndCash1929165' 6-max Seat #1 is the button
Seat 1: 880de2a8 ($38.39 in chips)
Seat 2: 82f7a367 ($21.5 in chips)
Seat 3: 2d0b6640 ($123.5 in chips)
Seat 4: 1ad27133 ($50.8 in chips)
Seat 5: Hero ($32.89 in chips)
Seat 6: 8d42f42d ($41.41 in chips)
82f7a367: posts small blind $0.1
2d0b6640: posts big blind $0.25
*** HOLE CARDS ***
Dealt to 880de2a8 
Dealt to 82f7a367 
Dealt to 2d0b6640 
Dealt to 1ad27133 
Dealt to Hero [Ac 6c]
Dealt to 8d42f42d 
1ad27133: folds
Hero: raises $0.25 to $0.5
8d42f42d: raises $1.35 to $1.85
880de2a8: folds
82f7a367: folds
2d0b6640: folds
Hero: folds
Uncalled bet ($1.35) returned to 8d42f42d
*** SHOWDOWN ***
8d42f42d collected $1.29 from pot
*** SUMMARY ***
Total pot $1.35 | Rake $0.06 | Jackpot $0 | Bingo $0 | Fortune $0 | Tax $0
Seat 1: 880de2a8 (button) folded before Flop (didn't bet)
Seat 2: 82f7a367 (small blind) folded before Flop
Seat 3: 2d0b6640 (big blind) folded before Flop
Seat 4: 1ad27133 folded before Flop (didn't bet)
Seat 5: Hero folded before Flop
Seat 6: 8d42f42d collected ($1.29)


Poker Hand #RC3156921903: Hold'em No Limit ($0.1/$0.25) - 2024/12/17 21:35:13
Table 'RushAndCash1929148' 6-max Seat #1 is the button
Seat 1: 734d5d24 ($31.17 in chips)
Seat 2: 7c54bf21 ($24.73 in chips)
Seat 3: db535ec9 ($26.56 in chips)
Seat 4: ee07e1b0 ($87.11 in chips)
Seat 5: Hero ($32.89 in chips)
Seat 6: 22f0bba7 ($38.31 in chips)
7c54bf21: posts small blind $0.1
db535ec9: posts big blind $0.25
*** HOLE CARDS ***
Dealt to 734d5d24 
Dealt to 7c54bf21 
Dealt to db535ec9 
Dealt to ee07e1b0 
Dealt to Hero [3d Ks]
Dealt to 22f0bba7 
ee07e1b0: folds
Hero: folds
22f0bba7: folds
734d5d24: folds
7c54bf21: folds
Uncalled bet ($0.15) returned to db535ec9
*** SHOWDOWN ***
db535ec9 collected $0.2 from pot
*** SUMMARY ***
Total pot $0.2 | Rake $0 | Jackpot $0 | Bingo $0 | Fortune $0 | Tax $0
Seat 1: 734d5d24 (button) folded before Flop (didn't bet)
Seat 2: 7c54bf21 (small blind) folded before Flop
Seat 3: db535ec9 (big blind) collected ($0.2)
Seat 4: ee07e1b0 folded before Flop (didn't bet)
Seat 5: Hero folded before Flop (didn't bet)
Seat 6: 22f0bba7 folded before Flop (didn't bet)


Poker Hand #RC3156921811: Hold'em No Limit ($0.1/$0.25) - 2024/12/17 21:35:00
Table 'RushAndCash1929085' 6-max Seat #1 is the button
Seat 1: e4772563 ($32.05 in chips)
Seat 2: f432f9c6 ($19.76 in chips)
Seat 3: 44a6db2 ($32.14 in chips)
Seat 4: Hero ($32.89 in chips)
Seat 5: 2eac05b2 ($37.43 in chips)
Seat 6: f8671627 ($25.35 in chips)
Cash Drop to Pot : total $2.5 
f432f9c6: posts small blind $0.1
44a6db2: posts big blind $0.25
*** HOLE CARDS ***
Dealt to e4772563 
Dealt to f432f9c6 
Dealt to 44a6db2 
Dealt to Hero [2s Jh]
Dealt to 2eac05b2 
Dealt to f8671627 
Hero: folds
2eac05b2: raises $0.45 to $0.7
f8671627: folds
e4772563: calls $0.7
f432f9c6: calls $0.6
44a6db2: calls $0.45
*** FLOP *** [3c 5c 8c]
f432f9c6: checks
44a6db2: checks
2eac05b2: checks
e4772563: checks
*** TURN *** [3c 5c 8c] [6h]
f432f9c6: checks
44a6db2: checks
2eac05b2: bets $1.75
e4772563: calls $1.75
f432f9c6: calls $1.75
44a6db2: folds
*** RIVER *** [3c 5c 8c 6h] [4c]
f432f9c6: checks
2eac05b2: checks
e4772563: checks
f432f9c6: shows [7h Qh] (Eights-High Straight)
2eac05b2: shows [Kd 6d] (Pair of Sixes)
e4772563: shows [5h 7d] (Eights-High Straight)
*** SHOWDOWN ***
f432f9c6 collected $4.84 from pot
e4772563 collected $4.79 from pot
*** SUMMARY ***
Total pot $10.55 | Rake $0.55 | Jackpot $0.37 | Bingo $0 | Fortune $0 | Tax $0
Board [3c 5c 8c 6h 4c]
Seat 1: e4772563 (button) showed [5h 7d] and won ($4.79) with Eights-High Straight
Seat 2: f432f9c6 (small blind) showed [7h Qh] and won ($4.84) with Eights-High Straight
Seat 3: 44a6db2 (big blind) folded on the Turn
Seat 4: Hero folded before Flop (didn't bet)
Seat 5: 2eac05b2 showed [Kd 6d] and lost with Pair of Sixes
Seat 6: f8671627 folded before Flop (didn't bet)


Poker Hand #RC3156921517: Hold'em No Limit ($0.1/$0.25) - 2024/12/17 21:34:15
Table 'RushAndCash1928879' 6-max Seat #1 is the button
Seat 1: Hero ($34.02 in chips)
Seat 2: 44a6db2 ($30.91 in chips)
Seat 3: e1733e84 ($13.75 in chips)
Seat 4: 3734e01b ($41.98 in chips)
Seat 5: 68fe3be5 ($24.68 in chips)
Seat 6: a2685e40 ($28.33 in chips)
44a6db2: posts small blind $0.1
e1733e84: posts big blind $0.25
*** HOLE CARDS ***
Dealt to Hero [Ks Qs]
Dealt to 44a6db2 
Dealt to e1733e84 
Dealt to 3734e01b 
Dealt to 68fe3be5 
Dealt to a2685e40 
3734e01b: folds
68fe3be5: folds
a2685e40: folds
Hero: raises $0.38 to $0.63
44a6db2: calls $0.53
e1733e84: folds
*** FLOP *** [Jh 9d 5h]
44a6db2: checks
Hero: checks
*** TURN *** [Jh 9d 5h] [4d]
44a6db2: checks
Hero: checks
*** RIVER *** [Jh 9d 5h 4d] [5c]
44a6db2: checks
Hero: bets $0.5
44a6db2: calls $0.5
Hero: shows [Ks Qs] (Pair of Fives)
44a6db2: shows [6s 6h] (Pair of Sixes and Pair of Fives)
*** SHOWDOWN ***
44a6db2 collected $2.36 from pot
*** SUMMARY ***
Total pot $2.51 | Rake $0.15 | Jackpot $0 | Bingo $0 | Fortune $0 | Tax $0
Board [Jh 9d 5h 4d 5c]
Seat 1: Hero (button) showed [Ks Qs] and lost with Pair of Fives
Seat 2: 44a6db2 (small blind) showed [6s 6h] and won ($2.36) with Pair of Sixes and Pair of Fives
Seat 3: e1733e84 (big blind) folded before Flop
Seat 4: 3734e01b folded before Flop (didn't bet)
Seat 5: 68fe3be5 folded before Flop (didn't bet)
Seat 6: a2685e40 folded before Flop (didn't bet)


Poker Hand #RC3156921474: Hold'em No Limit ($0.1/$0.25) - 2024/12/17 21:34:09
Table 'RushAndCash1928848' 6-max Seat #1 is the button
Seat 1: 29421543 ($71.41 in chips)
Seat 2: Hero ($34.12 in chips)
Seat 3: 59ab3524 ($15.46 in chips)
Seat 4: 5fe32327 ($25 in chips)
Seat 5: 65884e08 ($25 in chips)
Seat 6: ee43f530 ($28.91 in chips)
Hero: posts small blind $0.1
59ab3524: posts big blind $0.25
*** HOLE CARDS ***
Dealt to 29421543 
Dealt to Hero [8h 4c]
Dealt to 59ab3524 
Dealt to 5fe32327 
Dealt to 65884e08 
Dealt to ee43f530 
5fe32327: folds
65884e08: folds
ee43f530: folds
29421543: folds
Hero: folds
Uncalled bet ($0.15) returned to 59ab3524
*** SHOWDOWN ***
59ab3524 collected $0.2 from pot
*** SUMMARY ***
Total pot $0.2 | Rake $0 | Jackpot $0 | Bingo $0 | Fortune $0 | Tax $0
Seat 1: 29421543 (button) folded before Flop (didn't bet)
Seat 2: Hero (small blind) folded before Flop
Seat 3: 59ab3524 (big blind) collected ($0.2)
Seat 4: 5fe32327 folded before Flop (didn't bet)
Seat 5: 65884e08 folded before Flop (didn't bet)
Seat 6: ee43f530 folded before Flop (didn't bet)


Poker Hand #RC3156921353: Hold'em No Limit ($0.1/$0.25) - 2024/12/17 21:33:50
Table 'RushAndCash1928769' 6-max Seat #1 is the button
Seat 1: 5e4525d5 ($25.35 in chips)
Seat 2: 9886af91 ($27.18 in chips)
Seat 3: Hero ($34.37 in chips)
Seat 4: acf8db10 ($31.44 in chips)
Seat 5: 1b165312 ($26.71 in chips)
Seat 6: a9d3a150 ($27.67 in chips)
9886af91: posts small blind $0.1
Hero: posts big blind $0.25
*** HOLE CARDS ***
Dealt to 5e4525d5 
Dealt to 9886af91 
Dealt to Hero [Jd 7s]
Dealt to acf8db10 
Dealt to 1b165312 
Dealt to a9d3a150 
acf8db10: folds
1b165312: folds
a9d3a150: raises $0.25 to $0.5
5e4525d5: folds
9886af91: calls $0.4
Hero: folds
*** FLOP *** [6h Qd 9d]
9886af91: checks
a9d3a150: checks
*** TURN *** [6h Qd 9d] [8d]
9886af91: checks
a9d3a150: checks
*** RIVER *** [6h Qd 9d 8d] [4c]
9886af91: bets $1.25
a9d3a150: folds
Uncalled bet ($1.25) returned to 9886af91
*** SHOWDOWN ***
9886af91 collected $1.19 from pot
*** SUMMARY ***
Total pot $1.25 | Rake $0.06 | Jackpot $0 | Bingo $0 | Fortune $0 | Tax $0
Board [6h Qd 9d 8d 4c]
Seat 1: 5e4525d5 (button) folded before Flop (didn't bet)
Seat 2: 9886af91 (small blind) won ($1.19)
Seat 3: Hero (big blind) folded before Flop
Seat 4: acf8db10 folded before Flop (didn't bet)
Seat 5: 1b165312 folded before Flop (didn't bet)
Seat 6: a9d3a150 folded on the River


Poker Hand #RC3156921334: Hold'em No Limit ($0.1/$0.25) - 2024/12/17 21:33:47
Table 'RushAndCash1928756' 6-max Seat #1 is the button
Seat 1: d34f813 ($33.92 in chips)
Seat 2: 5e4525d5 ($25 in chips)
Seat 3: d1cd73c3 ($35.84 in chips)
Seat 4: Hero ($34.37 in chips)
Seat 5: 693c51d2 ($25 in chips)
Seat 6: 15616e6f ($64.42 in chips)
5e4525d5: posts small blind $0.1
d1cd73c3: posts big blind $0.25
*** HOLE CARDS ***
Dealt to d34f813 
Dealt to 5e4525d5 
Dealt to d1cd73c3 
Dealt to Hero [4c 9s]
Dealt to 693c51d2 
Dealt to 15616e6f 
Hero: folds
693c51d2: raises $0.25 to $0.5
15616e6f: folds
d34f813: folds
5e4525d5: folds
d1cd73c3: folds
Uncalled bet ($0.25) returned to 693c51d2
*** SHOWDOWN ***
693c51d2 collected $0.6 from pot
*** SUMMARY ***
Total pot $0.6 | Rake $0 | Jackpot $0 | Bingo $0 | Fortune $0 | Tax $0
Seat 1: d34f813 (button) folded before Flop (didn't bet)
Seat 2: 5e4525d5 (small blind) folded before Flop
Seat 3: d1cd73c3 (big blind) folded before Flop
Seat 4: Hero folded before Flop (didn't bet)
Seat 5: 693c51d2 collected ($0.6)
Seat 6: 15616e6f folded before Flop (didn't bet)


Poker Hand #RC3156920937: Hold'em No Limit ($0.1/$0.25) - 2024/12/17 21:32:45
Table 'RushAndCash1928492' 6-max Seat #1 is the button
Seat 1: ec054b69 ($18.85 in chips)
Seat 2: f8037ae2 ($14.53 in chips)
Seat 3: 280cb27e ($77.8 in chips)
Seat 4: 1b101b04 ($25 in chips)
Seat 5: b5e3ea51 ($34.81 in chips)
Seat 6: Hero ($25 in chips)
f8037ae2: posts small blind $0.1
280cb27e: posts big blind $0.25
*** HOLE CARDS ***
Dealt to ec054b69 
Dealt to f8037ae2 
Dealt to 280cb27e 
Dealt to 1b101b04 
Dealt to b5e3ea51 
Dealt to Hero [Qd Qc]
1b101b04: folds
b5e3ea51: folds
Hero: raises $0.38 to $0.63
ec054b69: calls $0.63
f8037ae2: folds
280cb27e: folds
*** FLOP *** [3s 3c 2s]
Hero: checks
ec054b69: checks
*** TURN *** [3s 3c 2s] [Jh]
Hero: checks
ec054b69: bets $0.81
Hero: raises $2.31 to $3.12
ec054b69: calls $2.31
*** RIVER *** [3s 3c 2s Jh] [9c]
Hero: bets $6.39
ec054b69: calls $6.39
Hero: shows [Qd Qc] (Pair of Queens and Pair of Treys)
ec054b69: shows [Js 8s] (Pair of Jacks and Pair of Treys)
*** SHOWDOWN ***
Hero collected $19.51 from pot
*** SUMMARY ***
Total pot $20.63 | Rake $0.75 | Jackpot $0.37 | Bingo $0 | Fortune $0 | Tax $0
Board [3s 3c 2s Jh 9c]
Seat 1: ec054b69 (button) showed [Js 8s] and lost with Pair of Jacks and Pair of Treys
Seat 2: f8037ae2 (small blind) folded before Flop
Seat 3: 280cb27e (big blind) folded before Flop
Seat 4: 1b101b04 folded before Flop (didn't bet)
Seat 5: b5e3ea51 folded before Flop (didn't bet)
Seat 6: Hero showed [Qd Qc] and won ($19.51) with Pair of Queens and Pair of Treys


Poker Hand #RC3156920911: Hold'em No Limit ($0.1/$0.25) - 2024/12/17 21:32:41
Table 'RushAndCash1928475' 6-max Seat #1 is the button
Seat 1: 64215118 ($29.14 in chips)
Seat 2: 28a64f27 ($26.18 in chips)
Seat 3: 1268c6b3 ($40.47 in chips)
Seat 4: Hero ($25 in chips)
Seat 5: 5779ece2 ($25 in chips)
Seat 6: 327a9ab ($28.5 in chips)
28a64f27: posts small blind $0.1
1268c6b3: posts big blind $0.25
*** HOLE CARDS ***
Dealt to 64215118 
Dealt to 28a64f27 
Dealt to 1268c6b3 
Dealt to Hero [5h Td]
Dealt to 5779ece2 
Dealt to 327a9ab 
Hero: folds
5779ece2: folds
327a9ab: folds
64215118: raises $0.25 to $0.5
28a64f27: folds
1268c6b3: calls $0.25
*** FLOP *** [7c 2h 4c]
1268c6b3: checks
64215118: bets $0.61
1268c6b3: calls $0.61
*** TURN *** [7c 2h 4c] [Ah]
1268c6b3: checks
64215118: checks
*** RIVER *** [7c 2h 4c Ah] [Kc]
1268c6b3: bets $1.74
64215118: calls $1.74
1268c6b3: shows [2s 3s] (Pair of Twos)
64215118: shows [Qd As] (Pair of Aces)
*** SHOWDOWN ***
64215118 collected $5.51 from pot
*** SUMMARY ***
Total pot $5.8 | Rake $0.29 | Jackpot $0 | Bingo $0 | Fortune $0 | Tax $0
Board [7c 2h 4c Ah Kc]
Seat 1: 64215118 (button) showed [Qd As] and won ($5.51) with Pair of Aces
Seat 2: 28a64f27 (small blind) folded before Flop
Seat 3: 1268c6b3 (big blind) showed [2s 3s] and lost with Pair of Twos
Seat 4: Hero folded before Flop (didn't bet)
Seat 5: 5779ece2 folded before Flop (didn't bet)
Seat 6: 327a9ab folded before Flop (didn't bet)


Poker Hand #RC3156920878: Hold'em No Limit ($0.1/$0.25) - 2024/12/17 21:32:37
Table 'RushAndCash1928452' 6-max Seat #1 is the button
Seat 1: Hero ($25 in chips)
Seat 2: ee07e1b0 ($88.76 in chips)
Seat 3: e1f6a27a ($25 in chips)
Seat 4: a38555d0 ($45.03 in chips)
Seat 5: 1c17486 ($80.69 in chips)
Seat 6: 97b97dc7 ($43.59 in chips)
ee07e1b0: posts small blind $0.1
e1f6a27a: posts big blind $0.25
*** HOLE CARDS ***
Dealt to Hero [8d Jh]
Dealt to ee07e1b0 
Dealt to e1f6a27a 
Dealt to a38555d0 
Dealt to 1c17486 
Dealt to 97b97dc7 
a38555d0: raises $0.25 to $0.5
1c17486: folds
97b97dc7: folds
Hero: folds
ee07e1b0: calls $0.4
e1f6a27a: raises $2.3 to $2.8
a38555d0: calls $2.3
ee07e1b0: folds
*** FLOP *** [Jd As 8s]
e1f6a27a: checks
a38555d0: bets $3.05
e1f6a27a: calls $3.05
*** TURN *** [Jd As 8s] [2c]
e1f6a27a: checks
a38555d0: bets $9.15
e1f6a27a: folds
Uncalled bet ($9.15) returned to a38555d0
*** SHOWDOWN ***
a38555d0 collected $11.36 from pot
*** SUMMARY ***
Total pot $12.2 | Rake $0.47 | Jackpot $0.37 | Bingo $0 | Fortune $0 | Tax $0
Board [Jd As 8s 2c]
Seat 1: Hero (button) folded before Flop (didn't bet)
Seat 2: ee07e1b0 (small blind) folded before Flop
Seat 3: e1f6a27a (big blind) folded on the Turn
Seat 4: a38555d0 won ($11.36)
Seat 5: 1c17486 folded before Flop (didn't bet)
Seat 6: 97b97dc7 folded before Flop (didn't bet)


Poker Hand #RC3156920255: Hold'em No Limit ($0.1/$0.25) - 2024/12/17 21:31:01
Table 'RushAndCash1928030' 6-max Seat #1 is the button
Seat 1: cf69224 ($30.62 in chips)
Seat 2: Hero ($26.02 in chips)
Seat 3: a6a13672 ($49.65 in chips)
Seat 4: 1b101b04 ($25 in chips)
Seat 5: 9feb6b88 ($43.56 in chips)
Seat 6: 44a6db2 ($22.84 in chips)
Hero: posts small blind $0.1
a6a13672: posts big blind $0.25
*** HOLE CARDS ***
Dealt to cf69224 
Dealt to Hero [7s Js]
Dealt to a6a13672 
Dealt to 1b101b04 
Dealt to 9feb6b88 
Dealt to 44a6db2 
1b101b04: folds
9feb6b88: folds
44a6db2: folds
cf69224: folds
Hero: raises $0.5 to $0.75
a6a13672: calls $0.5
*** FLOP *** [6d 2s 4s]
Hero: checks
a6a13672: bets $1.11
Hero: calls $1.11
*** TURN *** [6d 2s 4s] [As]
Hero: checks
a6a13672: checks
*** RIVER *** [6d 2s 4s As] [6c]
Hero: bets $9.95
a6a13672: calls $9.95
Hero: shows [7s Js] (Ace High Flush)
a6a13672: shows [2d 2c] (Twos Full over Sixes)
*** SHOWDOWN ***
a6a13672 collected $22 from pot
*** SUMMARY ***
Total pot $23.62 | Rake $1.25 | Jackpot $0.37 | Bingo $0 | Fortune $0 | Tax $0
Board [6d 2s 4s As 6c]
Seat 1: cf69224 (button) folded before Flop (didn't bet)
Seat 2: Hero (small blind) showed [7s Js] and lost with Ace High Flush
Seat 3: a6a13672 (big blind) showed [2d 2c] and won ($22) with Twos Full over Sixes
Seat 4: 1b101b04 folded before Flop (didn't bet)
Seat 5: 9feb6b88 folded before Flop (didn't bet)
Seat 6: 44a6db2 folded before Flop (didn't bet)


Poker Hand #RC3156920011: Hold'em No Limit ($0.1/$0.25) - 2024/12/17 21:30:25
Table 'RushAndCash1927865' 6-max Seat #1 is the button
Seat 1: b30dd730 ($13.67 in chips)
Seat 2: e1733e84 ($11.25 in chips)
Seat 3: Hero ($25.35 in chips)
Seat 4: e673c7ac ($30.16 in chips)
Seat 5: 327bf69e ($31.03 in chips)
Seat 6: 1268c6b3 ($40.92 in chips)
e1733e84: posts small blind $0.1
Hero: posts big blind $0.25
*** HOLE CARDS ***
Dealt to b30dd730 
Dealt to e1733e84 
Dealt to Hero [3s Ks]
Dealt to e673c7ac 
Dealt to 327bf69e 
Dealt to 1268c6b3 
e673c7ac: folds
327bf69e: folds
1268c6b3: folds
b30dd730: raises $0.38 to $0.63
e1733e84: folds
Hero: raises $1.63 to $2.26
b30dd730: folds
Uncalled bet ($1.63) returned to Hero
*** SHOWDOWN ***
Hero collected $1.3 from pot
*** SUMMARY ***
Total pot $1.36 | Rake $0.06 | Jackpot $0 | Bingo $0 | Fortune $0 | Tax $0
Seat 1: b30dd730 (button) folded before Flop
Seat 2: e1733e84 (small blind) folded before Flop
Seat 3: Hero (big blind) collected ($1.3)
Seat 4: e673c7ac folded before Flop (didn't bet)
Seat 5: 327bf69e folded before Flop (didn't bet)
Seat 6: 1268c6b3 folded before Flop (didn't bet)


Poker Hand #RC3156919991: Hold'em No Limit ($0.1/$0.25) - 2024/12/17 21:30:22
Table 'RushAndCash1927851' 6-max Seat #1 is the button
Seat 1: e6df72e3 ($27.02 in chips)
Seat 2: b1b9f78e ($116.43 in chips)
Seat 3: 67e7d9e0 ($17.83 in chips)
Seat 4: e4772563 ($33.57 in chips)
Seat 5: Hero ($25.35 in chips)
Seat 6: 5a0c56d6 ($28.3 in chips)
b1b9f78e: posts small blind $0.1
67e7d9e0: posts big blind $0.25
*** HOLE CARDS ***
Dealt to e6df72e3 
Dealt to b1b9f78e 
Dealt to 67e7d9e0 
Dealt to e4772563 
Dealt to Hero [Kh 5s]
Dealt to 5a0c56d6 
e4772563: raises $0.25 to $0.5
Hero: folds
5a0c56d6: folds
e6df72e3: folds
b1b9f78e: folds
67e7d9e0: folds
Uncalled bet ($0.25) returned to e4772563
*** SHOWDOWN ***
e4772563 collected $0.6 from pot
*** SUMMARY ***
Total pot $0.6 | Rake $0 | Jackpot $0 | Bingo $0 | Fortune $0 | Tax $0
Seat 1: e6df72e3 (button) folded before Flop (didn't bet)
Seat 2: b1b9f78e (small blind) folded before Flop
Seat 3: 67e7d9e0 (big blind) folded before Flop
Seat 4: e4772563 collected ($0.6)
Seat 5: Hero folded before Flop (didn't bet)
Seat 6: 5a0c56d6 folded before Flop (didn't bet)


Poker Hand #RC3156919966: Hold'em No Limit ($0.1/$0.25) - 2024/12/17 21:30:18
Table 'RushAndCash1927834' 6-max Seat #1 is the button
Seat 1: a80cf9ba ($150.51 in chips)
Seat 2: 9c6521cb ($70.03 in chips)
Seat 3: 79d3702e ($25 in chips)
Seat 4: Hero ($25.35 in chips)
Seat 5: cfb49f79 ($51.1 in chips)
Seat 6: 77e611c5 ($8.41 in chips)
9c6521cb: posts small blind $0.1
79d3702e: posts big blind $0.25
*** HOLE CARDS ***
Dealt to a80cf9ba 
Dealt to 9c6521cb 
Dealt to 79d3702e 
Dealt to Hero [Ah 7c]
Dealt to cfb49f79 
Dealt to 77e611c5 
Hero: folds
cfb49f79: folds
77e611c5: folds
a80cf9ba: folds
9c6521cb: folds
Uncalled bet ($0.15) returned to 79d3702e
*** SHOWDOWN ***
79d3702e collected $0.2 from pot
*** SUMMARY ***
Total pot $0.2 | Rake $0 | Jackpot $0 | Bingo $0 | Fortune $0 | Tax $0
Seat 1: a80cf9ba (button) folded before Flop (didn't bet)
Seat 2: 9c6521cb (small blind) folded before Flop
Seat 3: 79d3702e (big blind) collected ($0.2)
Seat 4: Hero folded before Flop (didn't bet)
Seat 5: cfb49f79 folded before Flop (didn't bet)
Seat 6: 77e611c5 folded before Flop (didn't bet)


Poker Hand #RC3156919943: Hold'em No Limit ($0.1/$0.25) - 2024/12/17 21:30:15
Table 'RushAndCash1927817' 6-max Seat #1 is the button
Seat 1: Hero ($25.35 in chips)
Seat 2: e4772563 ($33.67 in chips)
Seat 3: 563ed193 ($93.55 in chips)
Seat 4: e6df72e3 ($27.12 in chips)
Seat 5: 73c7d838 ($31.23 in chips)
Seat 6: a80cf9ba ($150.51 in chips)
e4772563: posts small blind $0.1
563ed193: posts big blind $0.25
*** HOLE CARDS ***
Dealt to Hero [8s Th]
Dealt to e4772563 
Dealt to 563ed193 
Dealt to e6df72e3 
Dealt to 73c7d838 
Dealt to a80cf9ba 
e6df72e3: folds
73c7d838: folds
a80cf9ba: folds
Hero: folds
e4772563: folds
Uncalled bet ($0.15) returned to 563ed193
*** SHOWDOWN ***
563ed193 collected $0.2 from pot
*** SUMMARY ***
Total pot $0.2 | Rake $0 | Jackpot $0 | Bingo $0 | Fortune $0 | Tax $0
Seat 1: Hero (button) folded before Flop (didn't bet)
Seat 2: e4772563 (small blind) folded before Flop
Seat 3: 563ed193 (big blind) collected ($0.2)
Seat 4: e6df72e3 folded before Flop (didn't bet)
Seat 5: 73c7d838 folded before Flop (didn't bet)
Seat 6: a80cf9ba folded before Flop (didn't bet)


Poker Hand #RC3156919875: Hold'em No Limit ($0.1/$0.25) - 2024/12/17 21:30:05
Table 'RushAndCash1927770' 6-max Seat #1 is the button
Seat 1: 44a6db2 ($22.41 in chips)
Seat 2: 1c17486 ($80.89 in chips)
Seat 3: 9c6521cb ($70.28 in chips)
Seat 4: 1326618e ($48.87 in chips)
Seat 5: Hero ($25 in chips)
Seat 6: b54f5f1e ($11.65 in chips)
1c17486: posts small blind $0.1
9c6521cb: posts big blind $0.25
*** HOLE CARDS ***
Dealt to 44a6db2 
Dealt to 1c17486 
Dealt to 9c6521cb 
Dealt to 1326618e 
Dealt to Hero [Ks Qc]
Dealt to b54f5f1e 
1326618e: folds
Hero: raises $0.25 to $0.5
b54f5f1e: folds
44a6db2: folds
1c17486: folds
9c6521cb: folds
Uncalled bet ($0.25) returned to Hero
*** SHOWDOWN ***
Hero collected $0.6 from pot
*** SUMMARY ***
Total pot $0.6 | Rake $0 | Jackpot $0 | Bingo $0 | Fortune $0 | Tax $0
Seat 1: 44a6db2 (button) folded before Flop (didn't bet)
Seat 2: 1c17486 (small blind) folded before Flop
Seat 3: 9c6521cb (big blind) folded before Flop
Seat 4: 1326618e folded before Flop (didn't bet)
Seat 5: Hero collected ($0.6)
Seat 6: b54f5f1e folded before Flop (didn't bet)


Poker Hand #RC3156919806: Hold'em No Limit ($0.1/$0.25) - 2024/12/17 21:29:55
Table 'RushAndCash1927723' 6-max Seat #1 is the button
Seat 1: 8c683fd5 ($44.62 in chips)
Seat 2: Hero ($25.1 in chips)
Seat 3: b7aa4dea ($25 in chips)
Seat 4: eee90869 ($25 in chips)
Seat 5: 6f93fffc ($32.06 in chips)
Seat 6: 1104b312 ($26.66 in chips)
Hero: posts small blind $0.1
b7aa4dea: posts big blind $0.25
*** HOLE CARDS ***
Dealt to 8c683fd5 
Dealt to Hero [Ah 6c]
Dealt to b7aa4dea 
Dealt to eee90869 
Dealt to 6f93fffc 
Dealt to 1104b312 
eee90869: folds
6f93fffc: folds
1104b312: raises $0.38 to $0.63
8c683fd5: calls $0.63
Hero: folds
b7aa4dea: calls $0.38
*** FLOP *** [3h Kh 7s]
b7aa4dea: checks
1104b312: checks
8c683fd5: checks
*** TURN *** [3h Kh 7s] [6s]
b7aa4dea: checks
1104b312: checks
8c683fd5: checks
*** RIVER *** [3h Kh 7s 6s] [Jd]
b7aa4dea: checks
1104b312: checks
8c683fd5: checks
b7aa4dea: shows [8c 8s] (Pair of Eights)
1104b312: shows [Qh Td] (King-High)
8c683fd5: shows [5s 5h] (Pair of Fives)
*** SHOWDOWN ***
b7aa4dea collected $1.89 from pot
*** SUMMARY ***
Total pot $1.99 | Rake $0.1 | Jackpot $0 | Bingo $0 | Fortune $0 | Tax $0
Board [3h Kh 7s 6s Jd]
Seat 1: 8c683fd5 (button) showed [5s 5h] and lost with Pair of Fives
Seat 2: Hero (small blind) folded before Flop
Seat 3: b7aa4dea (big blind) showed [8c 8s] and won ($1.89) with Pair of Eights
Seat 4: eee90869 folded before Flop (didn't bet)
Seat 5: 6f93fffc folded before Flop (didn't bet)
Seat 6: 1104b312 showed [Qh Td] and lost with King-High


Poker Hand #RC3156919691: Hold'em No Limit ($0.1/$0.25) - 2024/12/17 21:29:37
Table 'RushAndCash1927643' 6-max Seat #1 is the button
Seat 1: 3aa52ddb ($37.34 in chips)
Seat 2: 3ea49c63 ($29.1 in chips)
Seat 3: Hero ($25.35 in chips)
Seat 4: e0da2194 ($37.6 in chips)
Seat 5: 710dab6b ($74.69 in chips)
Seat 6: a14ce95a ($91.7 in chips)
3ea49c63: posts small blind $0.1
Hero: posts big blind $0.25
*** HOLE CARDS ***
Dealt to 3aa52ddb 
Dealt to 3ea49c63 
Dealt to Hero [Qh Td]
Dealt to e0da2194 
Dealt to 710dab6b 
Dealt to a14ce95a 
e0da2194: folds
710dab6b: folds
a14ce95a: folds
3aa52ddb: folds
3ea49c63: raises $0.38 to $0.63
Hero: folds
Uncalled bet ($0.38) returned to 3ea49c63
*** SHOWDOWN ***
3ea49c63 collected $0.5 from pot
*** SUMMARY ***
Total pot $0.5 | Rake $0 | Jackpot $0 | Bingo $0 | Fortune $0 | Tax $0
Seat 1: 3aa52ddb (button) folded before Flop (didn't bet)
Seat 2: 3ea49c63 (small blind) collected ($0.5)
Seat 3: Hero (big blind) folded before Flop
Seat 4: e0da2194 folded before Flop (didn't bet)
Seat 5: 710dab6b folded before Flop (didn't bet)
Seat 6: a14ce95a folded before Flop (didn't bet)


Poker Hand #RC3156919591: Hold'em No Limit ($0.1/$0.25) - 2024/12/17 21:29:22
Table 'RushAndCash1927578' 6-max Seat #1 is the button
Seat 1: 31bd7e66 ($29.3 in chips)
Seat 2: c4acccc4 ($36.72 in chips)
Seat 3: 5dc1f1bb ($36.44 in chips)
Seat 4: Hero ($25 in chips)
Seat 5: 60a9bfd ($28.48 in chips)
Seat 6: d1a606e4 ($39.01 in chips)
c4acccc4: posts small blind $0.1
5dc1f1bb: posts big blind $0.25
*** HOLE CARDS ***
Dealt to 31bd7e66 
Dealt to c4acccc4 
Dealt to 5dc1f1bb 
Dealt to Hero [Ad Ks]
Dealt to 60a9bfd 
Dealt to d1a606e4 
Hero: raises $0.25 to $0.5
60a9bfd: folds
d1a606e4: folds
31bd7e66: folds
c4acccc4: folds
5dc1f1bb: folds
Uncalled bet ($0.25) returned to Hero
*** SHOWDOWN ***
Hero collected $0.6 from pot
*** SUMMARY ***
Total pot $0.6 | Rake $0 | Jackpot $0 | Bingo $0 | Fortune $0 | Tax $0
Seat 1: 31bd7e66 (button) folded before Flop (didn't bet)
Seat 2: c4acccc4 (small blind) folded before Flop
Seat 3: 5dc1f1bb (big blind) folded before Flop
Seat 4: Hero collected ($0.6)
Seat 5: 60a9bfd folded before Flop (didn't bet)
Seat 6: d1a606e4 folded before Flop (didn't bet)


Poker Hand #RC3156919567: Hold'em No Limit ($0.1/$0.25) - 2024/12/17 21:29:18
Table 'RushAndCash1927560' 6-max Seat #1 is the button
Seat 1: 30592402 ($32.36 in chips)
Seat 2: 693c51d2 ($25.2 in chips)
Seat 3: 4033d08d ($37.76 in chips)
Seat 4: 75e4bb1c ($56.22 in chips)
Seat 5: 367c0f30 ($11.35 in chips)
Seat 6: Hero ($25 in chips)
693c51d2: posts small blind $0.1
4033d08d: posts big blind $0.25
*** HOLE CARDS ***
Dealt to 30592402 
Dealt to 693c51d2 
Dealt to 4033d08d 
Dealt to 75e4bb1c 
Dealt to 367c0f30 
Dealt to Hero [4h As]
75e4bb1c: folds
367c0f30: folds
Hero: folds
30592402: folds
693c51d2: raises $0.5 to $0.75
4033d08d: folds
Uncalled bet ($0.5) returned to 693c51d2
*** SHOWDOWN ***
693c51d2 collected $0.5 from pot
*** SUMMARY ***
Total pot $0.5 | Rake $0 | Jackpot $0 | Bingo $0 | Fortune $0 | Tax $0
Seat 1: 30592402 (button) folded before Flop (didn't bet)
Seat 2: 693c51d2 (small blind) collected ($0.5)
Seat 3: 4033d08d (big blind) folded before Flop
Seat 4: 75e4bb1c folded before Flop (didn't bet)
Seat 5: 367c0f30 folded before Flop (didn't bet)
Seat 6: Hero folded before Flop (didn't bet)


Poker Hand #RC3156919541: Hold'em No Limit ($0.1/$0.25) - 2024/12/17 21:29:14
Table 'RushAndCash1927541' 6-max Seat #1 is the button
Seat 1: eba61eec ($43.29 in chips)
Seat 2: 57d559ad ($8.19 in chips)
Seat 3: b10afa26 ($38.22 in chips)
Seat 4: Hero ($25 in chips)
Seat 5: c873a639 ($25 in chips)
Seat 6: c4f87941 ($42.26 in chips)
57d559ad: posts small blind $0.1
b10afa26: posts big blind $0.25
*** HOLE CARDS ***
Dealt to eba61eec 
Dealt to 57d559ad 
Dealt to b10afa26 
Dealt to Hero [2d 5d]
Dealt to c873a639 
Dealt to c4f87941 
Hero: folds
c873a639: folds
c4f87941: folds
eba61eec: folds
57d559ad: calls $0.15
b10afa26: raises $0.33 to $0.58
57d559ad: calls $0.33
*** FLOP *** [3h 5s Tc]
57d559ad: bets $0.87
b10afa26: folds
Uncalled bet ($0.87) returned to 57d559ad
*** SHOWDOWN ***
57d559ad collected $1.11 from pot
*** SUMMARY ***
Total pot $1.16 | Rake $0.05 | Jackpot $0 | Bingo $0 | Fortune $0 | Tax $0
Board [3h 5s Tc]
Seat 1: eba61eec (button) folded before Flop (didn't bet)
Seat 2: 57d559ad (small blind) won ($1.11)
Seat 3: b10afa26 (big blind) folded on the Flop
Seat 4: Hero folded before Flop (didn't bet)
Seat 5: c873a639 folded before Flop (didn't bet)
Seat 6: c4f87941 folded before Flop (didn't bet)


Poker Hand #RC3156919112: Hold'em No Limit ($0.1/$0.25) - 2024/12/17 21:28:13
Table 'RushAndCash1927253' 6-max Seat #1 is the button
Seat 1: Hero ($25 in chips)
Seat 2: 742f80df ($25 in chips)
Seat 3: c74c746f ($25.14 in chips)
Seat 4: 263505ae ($33.83 in chips)
Seat 5: 307f1451 ($21.6 in chips)
Seat 6: 6f93fffc ($32.81 in chips)
742f80df: posts small blind $0.1
c74c746f: posts big blind $0.25
*** HOLE CARDS ***
Dealt to Hero [5h 6h]
Dealt to 742f80df 
Dealt to c74c746f 
Dealt to 263505ae 
Dealt to 307f1451 
Dealt to 6f93fffc 
263505ae: folds
307f1451: folds
6f93fffc: folds
Hero: raises $0.38 to $0.63
742f80df: folds
c74c746f: calls $0.38
*** FLOP *** [8s 2s Ad]
c74c746f: checks
Hero: bets $0.45
c74c746f: calls $0.45
*** TURN *** [8s 2s Ad] [6c]
c74c746f: checks
Hero: checks
*** RIVER *** [8s 2s Ad 6c] [Kd]
c74c746f: bets $0.66
Hero: folds
Uncalled bet ($0.66) returned to c74c746f
*** SHOWDOWN ***
c74c746f collected $2.15 from pot
*** SUMMARY ***
Total pot $2.26 | Rake $0.11 | Jackpot $0 | Bingo $0 | Fortune $0 | Tax $0
Board [8s 2s Ad 6c Kd]
Seat 1: Hero (button) folded on the River
Seat 2: 742f80df (small blind) folded before Flop
Seat 3: c74c746f (big blind) won ($2.15)
Seat 4: 263505ae folded before Flop (didn't bet)
Seat 5: 307f1451 folded before Flop (didn't bet)
Seat 6: 6f93fffc folded before Flop (didn't bet)


Poker Hand #RC3156918979: Hold'em No Limit ($0.1/$0.25) - 2024/12/17 21:27:54
Table 'RushAndCash1927164' 6-max Seat #1 is the button
Seat 1: a2685e40 ($25 in chips)
Seat 2: Hero ($25 in chips)
Seat 3: 51323538 ($28.33 in chips)
Seat 4: 473c3047 ($33.93 in chips)
Seat 5: bcf042c1 ($41.73 in chips)
Seat 6: 67e7d9e0 ($18.21 in chips)
Hero: posts small blind $0.1
51323538: posts big blind $0.25
*** HOLE CARDS ***
Dealt to a2685e40 
Dealt to Hero [Ah 6h]
Dealt to 51323538 
Dealt to 473c3047 
Dealt to bcf042c1 
Dealt to 67e7d9e0 
473c3047: raises $0.28 to $0.53
bcf042c1: folds
67e7d9e0: folds
a2685e40: folds
Hero: folds
51323538: folds
Uncalled bet ($0.28) returned to 473c3047
*** SHOWDOWN ***
473c3047 collected $0.6 from pot
*** SUMMARY ***
Total pot $0.6 | Rake $0 | Jackpot $0 | Bingo $0 | Fortune $0 | Tax $0
Seat 1: a2685e40 (button) folded before Flop (didn't bet)
Seat 2: Hero (small blind) folded before Flop
Seat 3: 51323538 (big blind) folded before Flop
Seat 4: 473c3047 collected ($0.6)
Seat 5: bcf042c1 folded before Flop (didn't bet)
Seat 6: 67e7d9e0 folded before Flop (didn't bet)


Poker Hand #RC3156918579: Hold'em No Limit ($0.1/$0.25) - 2024/12/17 21:26:55
Table 'RushAndCash1926885' 6-max Seat #1 is the button
Seat 1: 263505ae ($33.24 in chips)
Seat 2: 38496edb ($25 in chips)
Seat 3: Hero ($25.79 in chips)
Seat 4: 2be31337 ($27.83 in chips)
Seat 5: f432f9c6 ($15 in chips)
Seat 6: ee43f530 ($30.28 in chips)
38496edb: posts small blind $0.1
Hero: posts big blind $0.25
*** HOLE CARDS ***
Dealt to 263505ae 
Dealt to 38496edb 
Dealt to Hero [Ah Jc]
Dealt to 2be31337 
Dealt to f432f9c6 
Dealt to ee43f530 
2be31337: folds
f432f9c6: raises $0.38 to $0.63
ee43f530: folds
263505ae: folds
38496edb: folds
Hero: calls $0.38
*** FLOP *** [Qd Js 2s]
Hero: checks
f432f9c6: bets $0.7
Hero: calls $0.7
*** TURN *** [Qd Js 2s] [2h]
Hero: checks
f432f9c6: checks
*** RIVER *** [Qd Js 2s 2h] [5d]
Hero: checks
f432f9c6: bets $2
Hero: calls $2
f432f9c6: shows [5h 5s] (Fives Full over Twos)
Hero: shows [Ah Jc] (Pair of Jacks and Pair of Twos)
*** SHOWDOWN ***
f432f9c6 collected $6.43 from pot
*** SUMMARY ***
Total pot $6.76 | Rake $0.33 | Jackpot $0 | Bingo $0 | Fortune $0 | Tax $0
Board [Qd Js 2s 2h 5d]
Seat 1: 263505ae (button) folded before Flop (didn't bet)
Seat 2: 38496edb (small blind) folded before Flop
Seat 3: Hero (big blind) showed [Ah Jc] and lost with Pair of Jacks and Pair of Twos
Seat 4: 2be31337 folded before Flop (didn't bet)
Seat 5: f432f9c6 showed [5h 5s] and won ($0.53) with Fives Full over Twos
Seat 6: ee43f530 folded before Flop (didn't bet)


Poker Hand #RC3156918316: Hold'em No Limit ($0.1/$0.25) - 2024/12/17 21:26:19
Table 'RushAndCash1926709' 6-max Seat #1 is the button
Seat 1: d1cd73c3 ($24.67 in chips)
Seat 2: d587cf19 ($16.81 in chips)
Seat 3: 5dc1f1bb ($35.81 in chips)
Seat 4: 65a167b9 ($25 in chips)
Seat 5: Hero ($25 in chips)
Seat 6: eee90869 ($25 in chips)
d587cf19: posts small blind $0.1
5dc1f1bb: posts big blind $0.25
*** HOLE CARDS ***
Dealt to d1cd73c3 
Dealt to d587cf19 
Dealt to 5dc1f1bb 
Dealt to 65a167b9 
Dealt to Hero [4c Ac]
Dealt to eee90869 
65a167b9: folds
Hero: raises $0.25 to $0.5
eee90869: folds
d1cd73c3: calls $0.5
d587cf19: folds
5dc1f1bb: folds
*** FLOP *** [8d Qc 5s]
Hero: checks
d1cd73c3: checks
*** TURN *** [8d Qc 5s] [2s]
Hero: bets $1.02
d1cd73c3: folds
Uncalled bet ($1.02) returned to Hero
*** SHOWDOWN ***
Hero collected $1.29 from pot
*** SUMMARY ***
Total pot $1.35 | Rake $0.06 | Jackpot $0 | Bingo $0 | Fortune $0 | Tax $0
Board [8d Qc 5s 2s]
Seat 1: d1cd73c3 (button) folded on the Turn
Seat 2: d587cf19 (small blind) folded before Flop
Seat 3: 5dc1f1bb (big blind) folded before Flop
Seat 4: 65a167b9 folded before Flop (didn't bet)
Seat 5: Hero won ($1.29)
Seat 6: eee90869 folded before Flop (didn't bet)


Poker Hand #RC3156918280: Hold'em No Limit ($0.1/$0.25) - 2024/12/17 21:26:13
Table 'RushAndCash1926682' 6-max Seat #1 is the button
Seat 1: 5fb796a2 ($51.02 in chips)
Seat 2: d34f813 ($33.67 in chips)
Seat 3: 8d42f42d ($38.89 in chips)
Seat 4: e4772563 ($36 in chips)
Seat 5: 5413d155 ($33 in chips)
Seat 6: Hero ($25 in chips)
d34f813: posts small blind $0.1
8d42f42d: posts big blind $0.25
*** HOLE CARDS ***
Dealt to 5fb796a2 
Dealt to d34f813 
Dealt to 8d42f42d 
Dealt to e4772563 
Dealt to 5413d155 
Dealt to Hero [Kd 9s]
e4772563: folds
5413d155: folds
Hero: folds
5fb796a2: raises $0.38 to $0.63
d34f813: folds
8d42f42d: folds
Uncalled bet ($0.38) returned to 5fb796a2
*** SHOWDOWN ***
5fb796a2 collected $0.6 from pot
*** SUMMARY ***
Total pot $0.6 | Rake $0 | Jackpot $0 | Bingo $0 | Fortune $0 | Tax $0
Seat 1: 5fb796a2 (button) collected ($0.6)
Seat 2: d34f813 (small blind) folded before Flop
Seat 3: 8d42f42d (big blind) folded before Flop
Seat 4: e4772563 folded before Flop (didn't bet)
Seat 5: 5413d155 folded before Flop (didn't bet)
Seat 6: Hero folded before Flop (didn't bet)


Poker Hand #RC3156918249: Hold'em No Limit ($0.1/$0.25) - 2024/12/17 21:26:09
Table 'RushAndCash1926659' 6-max Seat #1 is the button
Seat 1: 754e4645 ($27.31 in chips)
Seat 2: dff143dc ($57.16 in chips)
Seat 3: d34f813 ($33.92 in chips)
Seat 4: cb2c49cc ($79.61 in chips)
Seat 5: Hero ($25 in chips)
Seat 6: 2e4bbd9f ($17.52 in chips)
dff143dc: posts small blind $0.1
d34f813: posts big blind $0.25
*** HOLE CARDS ***
Dealt to 754e4645 
Dealt to dff143dc 
Dealt to d34f813 
Dealt to cb2c49cc 
Dealt to Hero [2c Td]
Dealt to 2e4bbd9f 
cb2c49cc: raises $0.33 to $0.58
Hero: folds
2e4bbd9f: folds
754e4645: folds
dff143dc: raises $2.02 to $2.6
d34f813: folds
cb2c49cc: calls $2.02
*** FLOP *** [As 5s 6s]
dff143dc: bets $1.37
cb2c49cc: calls $1.37
*** TURN *** [As 5s 6s] [Ad]
dff143dc: checks
cb2c49cc: bets $2.71
dff143dc: folds
Uncalled bet ($2.71) returned to cb2c49cc
*** SHOWDOWN ***
cb2c49cc collected $7.43 from pot
*** SUMMARY ***
Total pot $8.19 | Rake $0.39 | Jackpot $0.37 | Bingo $0 | Fortune $0 | Tax $0
Board [As 5s 6s Ad]
Seat 1: 754e4645 (button) folded before Flop (didn't bet)
Seat 2: dff143dc (small blind) folded on the Turn
Seat 3: d34f813 (big blind) folded before Flop
Seat 4: cb2c49cc won ($7.43)
Seat 5: Hero folded before Flop (didn't bet)
Seat 6: 2e4bbd9f folded before Flop (didn't bet)


Poker Hand #RC3156918226: Hold'em No Limit ($0.1/$0.25) - 2024/12/17 21:26:05
Table 'RushAndCash1926642' 6-max Seat #1 is the button
Seat 1: e5f15bd4 ($28.7 in chips)
Seat 2: f8671627 ($26.76 in chips)
Seat 3: 33f15e12 ($42.03 in chips)
Seat 4: c20362ea ($52 in chips)
Seat 5: Hero ($25 in chips)
Seat 6: c6bec718 ($47.06 in chips)
f8671627: posts small blind $0.1
33f15e12: posts big blind $0.25
*** HOLE CARDS ***
Dealt to e5f15bd4 
Dealt to f8671627 
Dealt to 33f15e12 
Dealt to c20362ea 
Dealt to Hero [9s 7d]
Dealt to c6bec718 
c20362ea: folds
Hero: folds
c6bec718: raises $0.25 to $0.5
e5f15bd4: folds
f8671627: folds
33f15e12: folds
Uncalled bet ($0.25) returned to c6bec718
*** SHOWDOWN ***
c6bec718 collected $0.6 from pot
*** SUMMARY ***
Total pot $0.6 | Rake $0 | Jackpot $0 | Bingo $0 | Fortune $0 | Tax $0
Seat 1: e5f15bd4 (button) folded before Flop (didn't bet)
Seat 2: f8671627 (small blind) folded before Flop
Seat 3: 33f15e12 (big blind) folded before Flop
Seat 4: c20362ea folded before Flop (didn't bet)
Seat 5: Hero folded before Flop (didn't bet)
Seat 6: c6bec718 collected ($0.6)


Poker Hand #RC3156918167: Hold'em No Limit ($0.1/$0.25) - 2024/12/17 21:25:57
Table 'RushAndCash1926602' 6-max Seat #1 is the button
Seat 1: 1c957ed2 ($33.75 in chips)
Seat 2: Hero ($25 in chips)
Seat 3: 693c51d2 ($25 in chips)
Seat 4: c9d5a0cb ($105.44 in chips)
Seat 5: b66e6fcb ($10 in chips)
Seat 6: 3a4d8c14 ($25 in chips)
Hero: posts small blind $0.1
693c51d2: posts big blind $0.25
*** HOLE CARDS ***
Dealt to 1c957ed2 
Dealt to Hero [Kh 2h]
Dealt to 693c51d2 
Dealt to c9d5a0cb 
Dealt to b66e6fcb 
Dealt to 3a4d8c14 
c9d5a0cb: folds
b66e6fcb: folds
3a4d8c14: folds
1c957ed2: raises $0.25 to $0.5
Hero: folds
693c51d2: folds
Uncalled bet ($0.25) returned to 1c957ed2
*** SHOWDOWN ***
1c957ed2 collected $0.6 from pot
*** SUMMARY ***
Total pot $0.6 | Rake $0 | Jackpot $0 | Bingo $0 | Fortune $0 | Tax $0
Seat 1: 1c957ed2 (button) collected ($0.6)
Seat 2: Hero (small blind) folded before Flop
Seat 3: 693c51d2 (big blind) folded before Flop
Seat 4: c9d5a0cb folded before Flop (didn't bet)
Seat 5: b66e6fcb folded before Flop (didn't bet)
Seat 6: 3a4d8c14 folded before Flop (didn't bet)


Poker Hand #RC3156917920: Hold'em No Limit ($0.1/$0.25) - 2024/12/17 21:25:20
Table 'RushAndCash1926432' 6-max Seat #1 is the button
Seat 1: b4c6384b ($26.95 in chips)
Seat 2: c83b6482 ($72.03 in chips)
Seat 3: Hero ($25.35 in chips)
Seat 4: e1184ba3 ($22.03 in chips)
Seat 5: f69aae46 ($25 in chips)
Seat 6: e29c9fcd ($20.23 in chips)
c83b6482: posts small blind $0.1
Hero: posts big blind $0.25
*** HOLE CARDS ***
Dealt to b4c6384b 
Dealt to c83b6482 
Dealt to Hero [7c Ad]
Dealt to e1184ba3 
Dealt to f69aae46 
Dealt to e29c9fcd 
e1184ba3: folds
f69aae46: folds
e29c9fcd: raises $0.38 to $0.63
b4c6384b: folds
c83b6482: folds
Hero: calls $0.38
*** FLOP *** [5c Qd 2d]
Hero: checks
e29c9fcd: checks
*** TURN *** [5c Qd 2d] [9s]
Hero: checks
e29c9fcd: bets $0.93
Hero: folds
Uncalled bet ($0.93) returned to e29c9fcd
*** SHOWDOWN ***
e29c9fcd collected $1.3 from pot
*** SUMMARY ***
Total pot $1.36 | Rake $0.06 | Jackpot $0 | Bingo $0 | Fortune $0 | Tax $0
Board [5c Qd 2d 9s]
Seat 1: b4c6384b (button) folded before Flop (didn't bet)
Seat 2: c83b6482 (small blind) folded before Flop
Seat 3: Hero (big blind) folded on the Turn
Seat 4: e1184ba3 folded before Flop (didn't bet)
Seat 5: f69aae46 folded before Flop (didn't bet)
Seat 6: e29c9fcd won ($1.3)


Poker Hand #RC3156917892: Hold'em No Limit ($0.1/$0.25) - 2024/12/17 21:25:17
Table 'RushAndCash1926411' 6-max Seat #1 is the button
Seat 1: Hero ($25.35 in chips)
Seat 2: 5a0c56d6 ($26.24 in chips)
Seat 3: 54518dc3 ($25.7 in chips)
Seat 4: 78111a19 ($13.64 in chips)
Seat 5: d1cd73c3 ($26.12 in chips)
Seat 6: 63ef39ac ($28.38 in chips)
5a0c56d6: posts small blind $0.1
54518dc3: posts big blind $0.25
*** HOLE CARDS ***
Dealt to Hero [Ks 5c]
Dealt to 5a0c56d6 
Dealt to 54518dc3 
Dealt to 78111a19 
Dealt to d1cd73c3 
Dealt to 63ef39ac 
78111a19: folds
d1cd73c3: folds
63ef39ac: folds
Hero: folds
5a0c56d6: folds
Uncalled bet ($0.15) returned to 54518dc3
*** SHOWDOWN ***
54518dc3 collected $0.2 from pot
*** SUMMARY ***
Total pot $0.2 | Rake $0 | Jackpot $0 | Bingo $0 | Fortune $0 | Tax $0
Seat 1: Hero (button) folded before Flop (didn't bet)
Seat 2: 5a0c56d6 (small blind) folded before Flop
Seat 3: 54518dc3 (big blind) collected ($0.2)
Seat 4: 78111a19 folded before Flop (didn't bet)
Seat 5: d1cd73c3 folded before Flop (didn't bet)
Seat 6: 63ef39ac folded before Flop (didn't bet)


Poker Hand #RC3156917799: Hold'em No Limit ($0.1/$0.25) - 2024/12/17 21:25:04
Table 'RushAndCash1926340' 6-max Seat #1 is the button
Seat 1: 31bd7e66 ($31.1 in chips)
Seat 2: 9c0bd323 ($37.5 in chips)
Seat 3: c917e76c ($49.5 in chips)
Seat 4: Hero ($25 in chips)
Seat 5: 3a0fd082 ($32.36 in chips)
Seat 6: 82f8ba85 ($45.47 in chips)
9c0bd323: posts small blind $0.1
c917e76c: posts big blind $0.25
*** HOLE CARDS ***
Dealt to 31bd7e66 
Dealt to 9c0bd323 
Dealt to c917e76c 
Dealt to Hero [Kc Ts]
Dealt to 3a0fd082 
Dealt to 82f8ba85 
Hero: raises $0.25 to $0.5
3a0fd082: folds
82f8ba85: folds
31bd7e66: folds
9c0bd323: folds
c917e76c: folds
Uncalled bet ($0.25) returned to Hero
*** SHOWDOWN ***
Hero collected $0.6 from pot
*** SUMMARY ***
Total pot $0.6 | Rake $0 | Jackpot $0 | Bingo $0 | Fortune $0 | Tax $0
Seat 1: 31bd7e66 (button) folded before Flop (didn't bet)
Seat 2: 9c0bd323 (small blind) folded before Flop
Seat 3: c917e76c (big blind) folded before Flop
Seat 4: Hero collected ($0.6)
Seat 5: 3a0fd082 folded before Flop (didn't bet)
Seat 6: 82f8ba85 folded before Flop (didn't bet)


Poker Hand #RC3156917772: Hold'em No Limit ($0.1/$0.25) - 2024/12/17 21:25:00
Table 'RushAndCash1926320' 6-max Seat #1 is the button
Seat 1: 7066056 ($47.08 in chips)
Seat 2: f35f3ddf ($24.75 in chips)
Seat 3: 94b164a3 ($44.16 in chips)
Seat 4: Hero ($25 in chips)
Seat 5: 31bd7e66 ($31.1 in chips)
Seat 6: a70be6bb ($44.23 in chips)
f35f3ddf: posts small blind $0.1
94b164a3: posts big blind $0.25
*** HOLE CARDS ***
Dealt to 7066056 
Dealt to f35f3ddf 
Dealt to 94b164a3 
Dealt to Hero [5d 7h]
Dealt to 31bd7e66 
Dealt to a70be6bb 
Hero: folds
31bd7e66: folds
a70be6bb: folds
7066056: raises $0.3 to $0.55
f35f3ddf: folds
94b164a3: calls $0.3
*** FLOP *** [2s 9s Qd]
94b164a3: checks
7066056: checks
*** TURN *** [2s 9s Qd] [Ac]
94b164a3: checks
7066056: bets $0.65
94b164a3: folds
Uncalled bet ($0.65) returned to 7066056
*** SHOWDOWN ***
7066056 collected $1.14 from pot
*** SUMMARY ***
Total pot $1.2 | Rake $0.06 | Jackpot $0 | Bingo $0 | Fortune $0 | Tax $0
Board [2s 9s Qd Ac]
Seat 1: 7066056 (button) won ($1.14)
Seat 2: f35f3ddf (small blind) folded before Flop
Seat 3: 94b164a3 (big blind) folded on the Turn
Seat 4: Hero folded before Flop (didn't bet)
Seat 5: 31bd7e66 folded before Flop (didn't bet)
Seat 6: a70be6bb folded before Flop (didn't bet)


Poker Hand #RC3156917745: Hold'em No Limit ($0.1/$0.25) - 2024/12/17 21:24:57
Table 'RushAndCash1926300' 6-max Seat #1 is the button
Seat 1: d89c87c5 ($28.14 in chips)
Seat 2: eaacad51 ($25.25 in chips)
Seat 3: 52fe23ed ($25.73 in chips)
Seat 4: Hero ($25 in chips)
Seat 5: 4dbbedbc ($82.18 in chips)
Seat 6: 88d09125 ($145.58 in chips)
eaacad51: posts small blind $0.1
52fe23ed: posts big blind $0.25
*** HOLE CARDS ***
Dealt to d89c87c5 
Dealt to eaacad51 
Dealt to 52fe23ed 
Dealt to Hero [4h Jc]
Dealt to 4dbbedbc 
Dealt to 88d09125 
Hero: folds
4dbbedbc: folds
88d09125: folds
d89c87c5: folds
eaacad51: folds
Uncalled bet ($0.15) returned to 52fe23ed
*** SHOWDOWN ***
52fe23ed collected $0.2 from pot
*** SUMMARY ***
Total pot $0.2 | Rake $0 | Jackpot $0 | Bingo $0 | Fortune $0 | Tax $0
Seat 1: d89c87c5 (button) folded before Flop (didn't bet)
Seat 2: eaacad51 (small blind) folded before Flop
Seat 3: 52fe23ed (big blind) collected ($0.2)
Seat 4: Hero folded before Flop (didn't bet)
Seat 5: 4dbbedbc folded before Flop (didn't bet)
Seat 6: 88d09125 folded before Flop (didn't bet)


Poker Hand #RC3156917674: Hold'em No Limit ($0.1/$0.25) - 2024/12/17 21:24:46
Table 'RushAndCash1926249' 6-max Seat #1 is the button
Seat 1: 9ac011c8 ($37.35 in chips)
Seat 2: Hero ($25.1 in chips)
Seat 3: fd437585 ($75.67 in chips)
Seat 4: ea342a1 ($39.02 in chips)
Seat 5: b5e3ea51 ($30 in chips)
Seat 6: 59a42cc6 ($57.45 in chips)
Hero: posts small blind $0.1
fd437585: posts big blind $0.25
*** HOLE CARDS ***
Dealt to 9ac011c8 
Dealt to Hero [Ad Th]
Dealt to fd437585 
Dealt to ea342a1 
Dealt to b5e3ea51 
Dealt to 59a42cc6 
ea342a1: folds
b5e3ea51: folds
59a42cc6: raises $0.33 to $0.58
9ac011c8: folds
Hero: folds
fd437585: calls $0.33
*** FLOP *** [Ah 7c Tc]
fd437585: checks
59a42cc6: bets $0.32
fd437585: calls $0.32
*** TURN *** [Ah 7c Tc] [3c]
fd437585: checks
59a42cc6: checks
*** RIVER *** [Ah 7c Tc 3c] [9s]
fd437585: checks
59a42cc6: checks
fd437585: shows [Qh 7h] (Pair of Sevens)
59a42cc6: shows [8c 8d] (Pair of Eights)
*** SHOWDOWN ***
59a42cc6 collected $1.81 from pot
*** SUMMARY ***
Total pot $1.9 | Rake $0.09 | Jackpot $0 | Bingo $0 | Fortune $0 | Tax $0
Board [Ah 7c Tc 3c 9s]
Seat 1: 9ac011c8 (button) folded before Flop (didn't bet)
Seat 2: Hero (small blind) folded before Flop
Seat 3: fd437585 (big blind) showed [Qh 7h] and lost with Pair of Sevens
Seat 4: ea342a1 folded before Flop (didn't bet)
Seat 5: b5e3ea51 folded before Flop (didn't bet)
Seat 6: 59a42cc6 showed [8c 8d] and won ($1.81) with Pair of Eights


Poker Hand #RC3156917640: Hold'em No Limit ($0.1/$0.25) - 2024/12/17 21:24:41
Table 'RushAndCash1926223' 6-max Seat #1 is the button
Seat 1: 60a9bfd ($25.1 in chips)
Seat 2: 31ff22f0 ($25.16 in chips)
Seat 3: Hero ($25.35 in chips)
Seat 4: 1b101b04 ($25 in chips)
Seat 5: 7ebeb437 ($25 in chips)
Seat 6: 2d0b6640 ($104.13 in chips)
31ff22f0: posts small blind $0.1
Hero: posts big blind $0.25
*** HOLE CARDS ***
Dealt to 60a9bfd 
Dealt to 31ff22f0 
Dealt to Hero [9c Th]
Dealt to 1b101b04 
Dealt to 7ebeb437 
Dealt to 2d0b6640 
1b101b04: raises $0.25 to $0.5
7ebeb437: folds
2d0b6640: folds
60a9bfd: folds
31ff22f0: folds
Hero: folds
Uncalled bet ($0.25) returned to 1b101b04
*** SHOWDOWN ***
1b101b04 collected $0.6 from pot
*** SUMMARY ***
Total pot $0.6 | Rake $0 | Jackpot $0 | Bingo $0 | Fortune $0 | Tax $0
Seat 1: 60a9bfd (button) folded before Flop (didn't bet)
Seat 2: 31ff22f0 (small blind) folded before Flop
Seat 3: Hero (big blind) folded before Flop
Seat 4: 1b101b04 collected ($0.6)
Seat 5: 7ebeb437 folded before Flop (didn't bet)
Seat 6: 2d0b6640 folded before Flop (didn't bet)


Poker Hand #RC3156917617: Hold'em No Limit ($0.1/$0.25) - 2024/12/17 21:24:37
Table 'RushAndCash1926208' 6-max Seat #1 is the button
Seat 1: Hero ($25.35 in chips)
Seat 2: 7ebeb437 ($25 in chips)
Seat 3: 76a1e70c ($34.44 in chips)
Seat 4: 873230fe ($28.94 in chips)
Seat 5: c326b0f0 ($24.4 in chips)
Seat 6: 825e91e7 ($50.66 in chips)
7ebeb437: posts small blind $0.1
76a1e70c: posts big blind $0.25
*** HOLE CARDS ***
Dealt to Hero [Jd 4h]
Dealt to 7ebeb437 
Dealt to 76a1e70c 
Dealt to 873230fe 
Dealt to c326b0f0 
Dealt to 825e91e7 
873230fe: folds
c326b0f0: folds
825e91e7: folds
Hero: folds
7ebeb437: folds
Uncalled bet ($0.15) returned to 76a1e70c
*** SHOWDOWN ***
76a1e70c collected $0.2 from pot
*** SUMMARY ***
Total pot $0.2 | Rake $0 | Jackpot $0 | Bingo $0 | Fortune $0 | Tax $0
Seat 1: Hero (button) folded before Flop (didn't bet)
Seat 2: 7ebeb437 (small blind) folded before Flop
Seat 3: 76a1e70c (big blind) collected ($0.2)
Seat 4: 873230fe folded before Flop (didn't bet)
Seat 5: c326b0f0 folded before Flop (didn't bet)
Seat 6: 825e91e7 folded before Flop (didn't bet)


Poker Hand #RC3156917538: Hold'em No Limit ($0.1/$0.25) - 2024/12/17 21:24:27
Table 'RushAndCash1926155' 6-max Seat #1 is the button
Seat 1: f7d4097b ($51.04 in chips)
Seat 2: dff143dc ($56.81 in chips)
Seat 3: d76a485 ($15.22 in chips)
Seat 4: Hero ($25 in chips)
Seat 5: 1c17486 ($84.5 in chips)
Seat 6: 17c939ef ($38.32 in chips)
dff143dc: posts small blind $0.1
d76a485: posts big blind $0.25
*** HOLE CARDS ***
Dealt to f7d4097b 
Dealt to dff143dc 
Dealt to d76a485 
Dealt to Hero [Jh As]
Dealt to 1c17486 
Dealt to 17c939ef 
Hero: raises $0.25 to $0.5
1c17486: folds
17c939ef: folds
f7d4097b: folds
dff143dc: folds
d76a485: folds
Uncalled bet ($0.25) returned to Hero
*** SHOWDOWN ***
Hero collected $0.6 from pot
*** SUMMARY ***
Total pot $0.6 | Rake $0 | Jackpot $0 | Bingo $0 | Fortune $0 | Tax $0
Seat 1: f7d4097b (button) folded before Flop (didn't bet)
Seat 2: dff143dc (small blind) folded before Flop
Seat 3: d76a485 (big blind) folded before Flop
Seat 4: Hero collected ($0.6)
Seat 5: 1c17486 folded before Flop (didn't bet)
Seat 6: 17c939ef folded before Flop (didn't bet)


Poker Hand #RC3156917513: Hold'em No Limit ($0.1/$0.25) - 2024/12/17 21:24:23
Table 'RushAndCash1926137' 6-max Seat #1 is the button
Seat 1: 7b9ad795 ($65.74 in chips)
Seat 2: c4acccc4 ($25.47 in chips)
Seat 3: 588ee73e ($31.73 in chips)
Seat 4: Hero ($25 in chips)
Seat 5: d42781fd ($39.07 in chips)
Seat 6: f69aae46 ($25 in chips)
c4acccc4: posts small blind $0.1
588ee73e: posts big blind $0.25
*** HOLE CARDS ***
Dealt to 7b9ad795 
Dealt to c4acccc4 
Dealt to 588ee73e 
Dealt to Hero [7d 6h]
Dealt to d42781fd 
Dealt to f69aae46 
Hero: folds
d42781fd: raises $0.5 to $0.75
f69aae46: folds
7b9ad795: raises $1.39 to $2.14
c4acccc4: folds
588ee73e: folds
d42781fd: calls $1.39
*** FLOP *** [5c 9c Ts]
d42781fd: checks
7b9ad795: bets $1.53
d42781fd: calls $1.53
*** TURN *** [5c 9c Ts] [6d]
d42781fd: checks
7b9ad795: bets $2.54
d42781fd: raises $6.39 to $8.93
7b9ad795: calls $6.39
*** RIVER *** [5c 9c Ts 6d] [5h]
d42781fd: checks
7b9ad795: checks
d42781fd: shows [As Js] (Pair of Fives)
7b9ad795: shows [Jd Jc] (Pair of Jacks and Pair of Fives)
*** SHOWDOWN ***
7b9ad795 collected $23.93 from pot
*** SUMMARY ***
Total pot $25.55 | Rake $1.25 | Jackpot $0.37 | Bingo $0 | Fortune $0 | Tax $0
Board [5c 9c Ts 6d 5h]
Seat 1: 7b9ad795 (button) showed [Jd Jc] and won ($23.93) with Pair of Jacks and Pair of Fives
Seat 2: c4acccc4 (small blind) folded before Flop
Seat 3: 588ee73e (big blind) folded before Flop
Seat 4: Hero folded before Flop (didn't bet)
Seat 5: d42781fd showed [As Js] and lost with Pair of Fives
Seat 6: f69aae46 folded before Flop (didn't bet)


Poker Hand #RC3156917464: Hold'em No Limit ($0.1/$0.25) - 2024/12/17 21:24:16
Table 'RushAndCash1926101' 6-max Seat #1 is the button
Seat 1: 1c957ed2 ($30.12 in chips)
Seat 2: 44fcf0a9 ($26.28 in chips)
Seat 3: 1d337820 ($31.8 in chips)
Seat 4: b742ec25 ($10.46 in chips)
Seat 5: Hero ($25 in chips)
Seat 6: 63ef39ac ($29.08 in chips)
44fcf0a9: posts small blind $0.1
1d337820: posts big blind $0.25
*** HOLE CARDS ***
Dealt to 1c957ed2 
Dealt to 44fcf0a9 
Dealt to 1d337820 
Dealt to b742ec25 
Dealt to Hero [Ah 8s]
Dealt to 63ef39ac 
b742ec25: raises $0.25 to $0.5
Hero: folds
63ef39ac: folds
1c957ed2: folds
44fcf0a9: folds
1d337820: calls $0.25
*** FLOP *** [7s 4c 2d]
1d337820: checks
b742ec25: checks
*** TURN *** [7s 4c 2d] [2s]
1d337820: bets $0.8
b742ec25: calls $0.8
*** RIVER *** [7s 4c 2d 2s] [8c]
1d337820: checks
b742ec25: checks
1d337820: shows [9h 9s] (Pair of Nines and Pair of Twos)
b742ec25: shows [Ks Ts] (Pair of Twos)
*** SHOWDOWN ***
1d337820 collected $2.57 from pot
*** SUMMARY ***
Total pot $2.7 | Rake $0.13 | Jackpot $0 | Bingo $0 | Fortune $0 | Tax $0
Board [7s 4c 2d 2s 8c]
Seat 1: 1c957ed2 (button) folded before Flop (didn't bet)
Seat 2: 44fcf0a9 (small blind) folded before Flop
Seat 3: 1d337820 (big blind) showed [9h 9s] and won ($2.57) with Pair of Nines and Pair of Twos
Seat 4: b742ec25 showed [Ks Ts] and lost with Pair of Twos
Seat 5: Hero folded before Flop (didn't bet)
Seat 6: 63ef39ac folded before Flop (didn't bet)


Poker Hand #RC3156917437: Hold'em No Limit ($0.1/$0.25) - 2024/12/17 21:24:12
Table 'RushAndCash1926082' 6-max Seat #1 is the button
Seat 1: Hero ($25 in chips)
Seat 2: 30daf0ea ($11.7 in chips)
Seat 3: eee90869 ($44.68 in chips)
Seat 4: 97dd1102 ($27.73 in chips)
Seat 5: a811cb67 ($25 in chips)
Seat 6: 58ea8bfb ($30.56 in chips)
30daf0ea: posts small blind $0.1
eee90869: posts big blind $0.25
*** HOLE CARDS ***
Dealt to Hero [8h 6c]
Dealt to 30daf0ea 
Dealt to eee90869 
Dealt to 97dd1102 
Dealt to a811cb67 
Dealt to 58ea8bfb 
97dd1102: folds
a811cb67: folds
58ea8bfb: folds
Hero: folds
30daf0ea: raises $0.28 to $0.53
eee90869: folds
Uncalled bet ($0.28) returned to 30daf0ea
*** SHOWDOWN ***
30daf0ea collected $0.5 from pot
*** SUMMARY ***
Total pot $0.5 | Rake $0 | Jackpot $0 | Bingo $0 | Fortune $0 | Tax $0
Seat 1: Hero (button) folded before Flop (didn't bet)
Seat 2: 30daf0ea (small blind) collected ($0.5)
Seat 3: eee90869 (big blind) folded before Flop
Seat 4: 97dd1102 folded before Flop (didn't bet)
Seat 5: a811cb67 folded before Flop (didn't bet)
Seat 6: 58ea8bfb folded before Flop (didn't bet)


Poker Hand #RC3156917408: Hold'em No Limit ($0.1/$0.25) - 2024/12/17 21:24:08
Table 'RushAndCash1926060' 6-max Seat #1 is the button
Seat 1: 17c939ef ($38.32 in chips)
Seat 2: Hero ($25.1 in chips)
Seat 3: 5c67f749 ($26.72 in chips)
Seat 4: 6f93fffc ($35.07 in chips)
Seat 5: 28807f74 ($27.25 in chips)
Seat 6: 96193323 ($32.2 in chips)
Hero: posts small blind $0.1
5c67f749: posts big blind $0.25
*** HOLE CARDS ***
Dealt to 17c939ef 
Dealt to Hero [7h 6d]
Dealt to 5c67f749 
Dealt to 6f93fffc 
Dealt to 28807f74 
Dealt to 96193323 
6f93fffc: calls $0.25
28807f74: raises $0.75 to $1
96193323: folds
17c939ef: folds
Hero: folds
5c67f749: folds
6f93fffc: calls $0.75
*** FLOP *** [Js Tc Qh]
6f93fffc: checks
28807f74: bets $0.78
6f93fffc: folds
Uncalled bet ($0.78) returned to 28807f74
*** SHOWDOWN ***
28807f74 collected $2.24 from pot
*** SUMMARY ***
Total pot $2.35 | Rake $0.11 | Jackpot $0 | Bingo $0 | Fortune $0 | Tax $0
Board [Js Tc Qh]
Seat 1: 17c939ef (button) folded before Flop (didn't bet)
Seat 2: Hero (small blind) folded before Flop
Seat 3: 5c67f749 (big blind) folded before Flop
Seat 4: 6f93fffc folded on the Flop
Seat 5: 28807f74 won ($2.24)
Seat 6: 96193323 folded before Flop (didn't bet)


Poker Hand #RC3156917350: Hold'em No Limit ($0.1/$0.25) - 2024/12/17 21:24:00
Table 'RushAndCash1926016' 6-max Seat #1 is the button
Seat 1: d89c87c5 ($28.24 in chips)
Seat 2: 398b04ec ($25.57 in chips)
Seat 3: Hero ($25 in chips)
Seat 4: 55d1bb62 ($9.97 in chips)
Seat 5: 9886af91 ($26.94 in chips)
Seat 6: ef819f07 ($18.66 in chips)
398b04ec: posts small blind $0.1
Hero: posts big blind $0.25
*** HOLE CARDS ***
Dealt to d89c87c5 
Dealt to 398b04ec 
Dealt to Hero [9d 5h]
Dealt to 55d1bb62 
Dealt to 9886af91 
Dealt to ef819f07 
55d1bb62: folds
9886af91: folds
ef819f07: folds
d89c87c5: folds
398b04ec: folds
Uncalled bet ($0.15) returned to Hero
*** SHOWDOWN ***
Hero collected $0.2 from pot
*** SUMMARY ***
Total pot $0.2 | Rake $0 | Jackpot $0 | Bingo $0 | Fortune $0 | Tax $0
Seat 1: d89c87c5 (button) folded before Flop (didn't bet)
Seat 2: 398b04ec (small blind) folded before Flop
Seat 3: Hero (big blind) collected ($0.2)
Seat 4: 55d1bb62 folded before Flop (didn't bet)
Seat 5: 9886af91 folded before Flop (didn't bet)
Seat 6: ef819f07 folded before Flop (didn't bet)


