Poker Hand #RC3133694291: Hold'em No Limit ($0.1/$0.25) - 2024/12/09 04:57:20
Table 'RushAndCash16008711' 6-max Seat #1 is the button
Seat 1: a3392b95 ($25.25 in chips)
Seat 2: 555dade3 ($45.08 in chips)
Seat 3: e58cadef ($40.47 in chips)
Seat 4: Hero ($45.19 in chips)
Seat 5: effc693c ($23.27 in chips)
Seat 6: 65fce9c7 ($131.31 in chips)
555dade3: posts small blind $0.1
e58cadef: posts big blind $0.25
*** HOLE CARDS ***
Dealt to a3392b95 
Dealt to 555dade3 
Dealt to e58cadef 
Dealt to Hero [Kh 8h]
Dealt to effc693c 
Dealt to 65fce9c7 
Hero: raises $0.28 to $0.53
effc693c: folds
65fce9c7: folds
a3392b95: folds
555dade3: folds
e58cadef: folds
Uncalled bet ($0.28) returned to Hero
*** SHOWDOWN ***
Hero collected $0.6 from pot
*** SUMMARY ***
Total pot $0.6 | Rake $0 | Jackpot $0 | Bingo $0 | Fortune $0 | Tax $0
Seat 1: a3392b95 (button) folded before Flop (didn't bet)
Seat 2: 555dade3 (small blind) folded before Flop
Seat 3: e58cadef (big blind) folded before Flop
Seat 4: Hero collected ($0.6)
Seat 5: effc693c folded before Flop (didn't bet)
Seat 6: 65fce9c7 folded before Flop (didn't bet)


Poker Hand #RC3133694253: Hold'em No Limit ($0.1/$0.25) - 2024/12/09 04:57:13
Table 'RushAndCash16008684' 6-max Seat #1 is the button
Seat 1: f507e0d6 ($23.51 in chips)
Seat 2: Hero ($45.29 in chips)
Seat 3: d2f5d9e8 ($25.45 in chips)
Seat 4: 932bd39d ($25 in chips)
Seat 5: 828c1d4a ($27.21 in chips)
Seat 6: 53e4adab ($72.54 in chips)
Hero: posts small blind $0.1
d2f5d9e8: posts big blind $0.25
*** HOLE CARDS ***
Dealt to f507e0d6 
Dealt to Hero [6s 9h]
Dealt to d2f5d9e8 
Dealt to 932bd39d 
Dealt to 828c1d4a 
Dealt to 53e4adab 
932bd39d: folds
828c1d4a: folds
53e4adab: raises $0.25 to $0.5
f507e0d6: calls $0.5
Hero: folds
d2f5d9e8: calls $0.25
*** FLOP *** [2h 2d Ts]
d2f5d9e8: checks
53e4adab: checks
f507e0d6: bets $0.53
d2f5d9e8: folds
53e4adab: folds
Uncalled bet ($0.53) returned to f507e0d6
*** SHOWDOWN ***
f507e0d6 collected $1.52 from pot
*** SUMMARY ***
Total pot $1.6 | Rake $0.08 | Jackpot $0 | Bingo $0 | Fortune $0 | Tax $0
Board [2h 2d Ts]
Seat 1: f507e0d6 (button) won ($1.52)
Seat 2: Hero (small blind) folded before Flop
Seat 3: d2f5d9e8 (big blind) folded on the Flop
Seat 4: 932bd39d folded before Flop (didn't bet)
Seat 5: 828c1d4a folded before Flop (didn't bet)
Seat 6: 53e4adab folded on the Flop


Poker Hand #RC3133694233: Hold'em No Limit ($0.1/$0.25) - 2024/12/09 04:57:10
Table 'RushAndCash16008671' 6-max Seat #1 is the button
Seat 1: 38d320cd ($66.48 in chips)
Seat 2: 868dacf2 ($25 in chips)
Seat 3: 94dc8219 ($37.78 in chips)
Seat 4: f81ae01c ($17.26 in chips)
Seat 5: Hero ($45.29 in chips)
Seat 6: 77bb9fbb ($26.01 in chips)
868dacf2: posts small blind $0.1
94dc8219: posts big blind $0.25
*** HOLE CARDS ***
Dealt to 38d320cd 
Dealt to 868dacf2 
Dealt to 94dc8219 
Dealt to f81ae01c 
Dealt to Hero [3s Jc]
Dealt to 77bb9fbb 
f81ae01c: raises $0.25 to $0.5
Hero: folds
77bb9fbb: raises $1.02 to $1.52
38d320cd: folds
868dacf2: folds
94dc8219: folds
f81ae01c: calls $1.02
*** FLOP *** [Kh 6s 8h]
f81ae01c: bets $1.12
77bb9fbb: calls $1.12
*** TURN *** [Kh 6s 8h] [9c]
f81ae01c: checks
77bb9fbb: bets $3.32
f81ae01c: folds
Uncalled bet ($3.32) returned to 77bb9fbb
*** SHOWDOWN ***
77bb9fbb collected $5.35 from pot
*** SUMMARY ***
Total pot $5.63 | Rake $0.28 | Jackpot $0 | Bingo $0 | Fortune $0 | Tax $0
Board [Kh 6s 8h 9c]
Seat 1: 38d320cd (button) folded before Flop (didn't bet)
Seat 2: 868dacf2 (small blind) folded before Flop
Seat 3: 94dc8219 (big blind) folded before Flop
Seat 4: f81ae01c folded on the Turn
Seat 5: Hero folded before Flop (didn't bet)
Seat 6: 77bb9fbb won ($5.35)


Poker Hand #RC3133694077: Hold'em No Limit ($0.1/$0.25) - 2024/12/09 04:56:45
Table 'RushAndCash16008568' 6-max Seat #1 is the button
Seat 1: daa7cfa7 ($18.66 in chips)
Seat 2: 50a74f5c ($39.23 in chips)
Seat 3: Hero ($45.79 in chips)
Seat 4: 8a74f65c ($28.99 in chips)
Seat 5: 38d320cd ($65.93 in chips)
Seat 6: 6331633a ($48.19 in chips)
50a74f5c: posts small blind $0.1
Hero: posts big blind $0.25
*** HOLE CARDS ***
Dealt to daa7cfa7 
Dealt to 50a74f5c 
Dealt to Hero [Ks 7s]
Dealt to 8a74f65c 
Dealt to 38d320cd 
Dealt to 6331633a 
8a74f65c: folds
38d320cd: raises $0.25 to $0.5
6331633a: folds
daa7cfa7: folds
50a74f5c: folds
Hero: calls $0.25
*** FLOP *** [6c 2d 3c]
Hero: checks
38d320cd: checks
*** TURN *** [6c 2d 3c] [Td]
Hero: checks
38d320cd: bets $0.55
Hero: folds
Uncalled bet ($0.55) returned to 38d320cd
*** SHOWDOWN ***
38d320cd collected $1.05 from pot
*** SUMMARY ***
Total pot $1.1 | Rake $0.05 | Jackpot $0 | Bingo $0 | Fortune $0 | Tax $0
Board [6c 2d 3c Td]
Seat 1: daa7cfa7 (button) folded before Flop (didn't bet)
Seat 2: 50a74f5c (small blind) folded before Flop
Seat 3: Hero (big blind) folded on the Turn
Seat 4: 8a74f65c folded before Flop (didn't bet)
Seat 5: 38d320cd won ($1.05)
Seat 6: 6331633a folded before Flop (didn't bet)


Poker Hand #RC3133694059: Hold'em No Limit ($0.1/$0.25) - 2024/12/09 04:56:41
Table 'RushAndCash16008556' 6-max Seat #1 is the button
Seat 1: 30cc73f6 ($55.07 in chips)
Seat 2: ee183358 ($25 in chips)
Seat 3: 3cfbb8c4 ($26.03 in chips)
Seat 4: bdeacc87 ($55.66 in chips)
Seat 5: Hero ($45.79 in chips)
Seat 6: ec35f826 ($25.97 in chips)
ee183358: posts small blind $0.1
3cfbb8c4: posts big blind $0.25
*** HOLE CARDS ***
Dealt to 30cc73f6 
Dealt to ee183358 
Dealt to 3cfbb8c4 
Dealt to bdeacc87 
Dealt to Hero [4d 9d]
Dealt to ec35f826 
bdeacc87: folds
Hero: folds
ec35f826: raises $0.38 to $0.63
30cc73f6: folds
ee183358: folds
3cfbb8c4: folds
Uncalled bet ($0.38) returned to ec35f826
*** SHOWDOWN ***
ec35f826 collected $0.6 from pot
*** SUMMARY ***
Total pot $0.6 | Rake $0 | Jackpot $0 | Bingo $0 | Fortune $0 | Tax $0
Seat 1: 30cc73f6 (button) folded before Flop (didn't bet)
Seat 2: ee183358 (small blind) folded before Flop
Seat 3: 3cfbb8c4 (big blind) folded before Flop
Seat 4: bdeacc87 folded before Flop (didn't bet)
Seat 5: Hero folded before Flop (didn't bet)
Seat 6: ec35f826 collected ($0.6)


Poker Hand #RC3133694038: Hold'em No Limit ($0.1/$0.25) - 2024/12/09 04:56:37
Table 'RushAndCash16008543' 6-max Seat #1 is the button
Seat 1: d6f46850 ($26.44 in chips)
Seat 2: 3cfbb8c4 ($26.13 in chips)
Seat 3: 8b90ac38 ($28.76 in chips)
Seat 4: 4d97250 ($25.55 in chips)
Seat 5: Hero ($45.79 in chips)
Seat 6: 256c448f ($25.39 in chips)
3cfbb8c4: posts small blind $0.1
8b90ac38: posts big blind $0.25
*** HOLE CARDS ***
Dealt to d6f46850 
Dealt to 3cfbb8c4 
Dealt to 8b90ac38 
Dealt to 4d97250 
Dealt to Hero [Tc Qd]
Dealt to 256c448f 
4d97250: raises $0.25 to $0.5
Hero: folds
256c448f: folds
d6f46850: folds
3cfbb8c4: folds
8b90ac38: raises $1.6 to $2.1
4d97250: folds
Uncalled bet ($1.6) returned to 8b90ac38
*** SHOWDOWN ***
8b90ac38 collected $1.05 from pot
*** SUMMARY ***
Total pot $1.1 | Rake $0.05 | Jackpot $0 | Bingo $0 | Fortune $0 | Tax $0
Seat 1: d6f46850 (button) folded before Flop (didn't bet)
Seat 2: 3cfbb8c4 (small blind) folded before Flop
Seat 3: 8b90ac38 (big blind) collected ($1.05)
Seat 4: 4d97250 folded before Flop
Seat 5: Hero folded before Flop (didn't bet)
Seat 6: 256c448f folded before Flop (didn't bet)


Poker Hand #RC3133694004: Hold'em No Limit ($0.1/$0.25) - 2024/12/09 04:56:31
Table 'RushAndCash16008520' 6-max Seat #1 is the button
Seat 1: Hero ($45.79 in chips)
Seat 2: fed122f7 ($40.61 in chips)
Seat 3: 8f12c968 ($30.86 in chips)
Seat 4: b2f3d873 ($29.03 in chips)
Seat 5: 26c1b950 ($25.35 in chips)
Seat 6: 1f20810 ($29.67 in chips)
fed122f7: posts small blind $0.1
8f12c968: posts big blind $0.25
*** HOLE CARDS ***
Dealt to Hero [8d 9s]
Dealt to fed122f7 
Dealt to 8f12c968 
Dealt to b2f3d873 
Dealt to 26c1b950 
Dealt to 1f20810 
b2f3d873: raises $0.25 to $0.5
26c1b950: raises $0.45 to $0.95
1f20810: folds
Hero: folds
fed122f7: folds
8f12c968: folds
b2f3d873: calls $0.45
*** FLOP *** [7c 7h 5d]
b2f3d873: checks
26c1b950: bets $0.75
b2f3d873: folds
Uncalled bet ($0.75) returned to 26c1b950
*** SHOWDOWN ***
26c1b950 collected $2.14 from pot
*** SUMMARY ***
Total pot $2.25 | Rake $0.11 | Jackpot $0 | Bingo $0 | Fortune $0 | Tax $0
Board [7c 7h 5d]
Seat 1: Hero (button) folded before Flop (didn't bet)
Seat 2: fed122f7 (small blind) folded before Flop
Seat 3: 8f12c968 (big blind) folded before Flop
Seat 4: b2f3d873 folded on the Flop
Seat 5: 26c1b950 won ($2.14)
Seat 6: 1f20810 folded before Flop (didn't bet)


Poker Hand #RC3133693571: Hold'em No Limit ($0.1/$0.25) - 2024/12/09 04:55:11
Table 'RushAndCash16008214' 6-max Seat #1 is the button
Seat 1: 3509e06f ($48.45 in chips)
Seat 2: 228d4d9c ($24.49 in chips)
Seat 3: 404e26b6 ($25 in chips)
Seat 4: e3dbb28f ($98.04 in chips)
Seat 5: Hero ($43.15 in chips)
Seat 6: fed122f7 ($42.42 in chips)
228d4d9c: posts small blind $0.1
404e26b6: posts big blind $0.25
*** HOLE CARDS ***
Dealt to 3509e06f 
Dealt to 228d4d9c 
Dealt to 404e26b6 
Dealt to e3dbb28f 
Dealt to Hero [Ah 2h]
Dealt to fed122f7 
e3dbb28f: folds
Hero: raises $0.28 to $0.53
fed122f7: calls $0.53
3509e06f: folds
228d4d9c: calls $0.43
404e26b6: calls $0.28
*** FLOP *** [Qh 8d As]
228d4d9c: checks
404e26b6: checks
Hero: checks
fed122f7: checks
*** TURN *** [Qh 8d As] [9h]
228d4d9c: checks
404e26b6: checks
Hero: bets $0.64
fed122f7: raises $0.64 to $1.28
228d4d9c: folds
404e26b6: folds
Hero: calls $0.64
*** RIVER *** [Qh 8d As 9h] [6h]
Hero: checks
fed122f7: checks
Hero: shows [Ah 2h] (Ace High Flush)
fed122f7: shows [Kc Qd] (Pair of Queens)
*** SHOWDOWN ***
Hero collected $4.45 from pot
*** SUMMARY ***
Total pot $4.68 | Rake $0.23 | Jackpot $0 | Bingo $0 | Fortune $0 | Tax $0
Board [Qh 8d As 9h 6h]
Seat 1: 3509e06f (button) folded before Flop (didn't bet)
Seat 2: 228d4d9c (small blind) folded on the Turn
Seat 3: 404e26b6 (big blind) folded on the Turn
Seat 4: e3dbb28f folded before Flop (didn't bet)
Seat 5: Hero showed [Ah 2h] and won ($4.45) with Ace High Flush
Seat 6: fed122f7 showed [Kc Qd] and lost with Pair of Queens


Poker Hand #RC3133693547: Hold'em No Limit ($0.1/$0.25) - 2024/12/09 04:55:07
Table 'RushAndCash16008196' 6-max Seat #1 is the button
Seat 1: 987794a0 ($84.66 in chips)
Seat 2: Hero ($43.25 in chips)
Seat 3: 57f74a2 ($32.41 in chips)
Seat 4: 84cb12ab ($26.14 in chips)
Seat 5: d2f5d9e8 ($26.52 in chips)
Seat 6: f507e0d6 ($25.84 in chips)
Hero: posts small blind $0.1
57f74a2: posts big blind $0.25
*** HOLE CARDS ***
Dealt to 987794a0 
Dealt to Hero [3h 9h]
Dealt to 57f74a2 
Dealt to 84cb12ab 
Dealt to d2f5d9e8 
Dealt to f507e0d6 
84cb12ab: folds
d2f5d9e8: folds
f507e0d6: folds
987794a0: raises $0.38 to $0.63
Hero: folds
57f74a2: calls $0.38
*** FLOP *** [7d Ad Ac]
57f74a2: checks
987794a0: bets $0.4
57f74a2: folds
Uncalled bet ($0.4) returned to 987794a0
*** SHOWDOWN ***
987794a0 collected $1.3 from pot
*** SUMMARY ***
Total pot $1.36 | Rake $0.06 | Jackpot $0 | Bingo $0 | Fortune $0 | Tax $0
Board [7d Ad Ac]
Seat 1: 987794a0 (button) won ($1.3)
Seat 2: Hero (small blind) folded before Flop
Seat 3: 57f74a2 (big blind) folded on the Flop
Seat 4: 84cb12ab folded before Flop (didn't bet)
Seat 5: d2f5d9e8 folded before Flop (didn't bet)
Seat 6: f507e0d6 folded before Flop (didn't bet)


Poker Hand #RC3133693512: Hold'em No Limit ($0.1/$0.25) - 2024/12/09 04:55:00
Table 'RushAndCash16008171' 6-max Seat #1 is the button
Seat 1: Hero ($43.25 in chips)
Seat 2: 868dacf2 ($25 in chips)
Seat 3: 4767f62f ($30.23 in chips)
Seat 4: 987794a0 ($84.76 in chips)
Seat 5: 7c85fc55 ($32.02 in chips)
Seat 6: 8c9f4cf2 ($31.81 in chips)
868dacf2: posts small blind $0.1
4767f62f: posts big blind $0.25
*** HOLE CARDS ***
Dealt to Hero [8s Kh]
Dealt to 868dacf2 
Dealt to 4767f62f 
Dealt to 987794a0 
Dealt to 7c85fc55 
Dealt to 8c9f4cf2 
987794a0: folds
7c85fc55: folds
8c9f4cf2: raises $0.28 to $0.53
Hero: folds
868dacf2: folds
4767f62f: folds
Uncalled bet ($0.28) returned to 8c9f4cf2
*** SHOWDOWN ***
8c9f4cf2 collected $0.6 from pot
*** SUMMARY ***
Total pot $0.6 | Rake $0 | Jackpot $0 | Bingo $0 | Fortune $0 | Tax $0
Seat 1: Hero (button) folded before Flop (didn't bet)
Seat 2: 868dacf2 (small blind) folded before Flop
Seat 3: 4767f62f (big blind) folded before Flop
Seat 4: 987794a0 folded before Flop (didn't bet)
Seat 5: 7c85fc55 folded before Flop (didn't bet)
Seat 6: 8c9f4cf2 collected ($0.6)


Poker Hand #RC3133693445: Hold'em No Limit ($0.1/$0.25) - 2024/12/09 04:54:48
Table 'RushAndCash16008125' 6-max Seat #1 is the button
Seat 1: dac5eb74 ($31.29 in chips)
Seat 2: acc6bfe ($33.66 in chips)
Seat 3: Hero ($43.5 in chips)
Seat 4: 20af9f00 ($20.99 in chips)
Seat 5: 9a01e5f ($54.96 in chips)
Seat 6: 3a959e94 ($37.69 in chips)
acc6bfe: posts small blind $0.1
Hero: posts big blind $0.25
*** HOLE CARDS ***
Dealt to dac5eb74 
Dealt to acc6bfe 
Dealt to Hero [7c 7d]
Dealt to 20af9f00 
Dealt to 9a01e5f 
Dealt to 3a959e94 
20af9f00: raises $0.25 to $0.5
9a01e5f: folds
3a959e94: folds
dac5eb74: raises $1.02 to $1.52
acc6bfe: folds
Hero: folds
20af9f00: folds
Uncalled bet ($1.02) returned to dac5eb74
*** SHOWDOWN ***
dac5eb74 collected $1.29 from pot
*** SUMMARY ***
Total pot $1.35 | Rake $0.06 | Jackpot $0 | Bingo $0 | Fortune $0 | Tax $0
Seat 1: dac5eb74 (button) collected ($1.29)
Seat 2: acc6bfe (small blind) folded before Flop
Seat 3: Hero (big blind) folded before Flop
Seat 4: 20af9f00 folded before Flop
Seat 5: 9a01e5f folded before Flop (didn't bet)
Seat 6: 3a959e94 folded before Flop (didn't bet)


Poker Hand #RC3133693256: Hold'em No Limit ($0.1/$0.25) - 2024/12/09 04:54:11
Table 'RushAndCash16007996' 6-max Seat #1 is the button
Seat 1: 3d0da8c ($32.68 in chips)
Seat 2: ee183358 ($25 in chips)
Seat 3: dac5eb74 ($30.25 in chips)
Seat 4: 6befb87f ($26.69 in chips)
Seat 5: 20af9f00 ($21.34 in chips)
Seat 6: Hero ($44.54 in chips)
ee183358: posts small blind $0.1
dac5eb74: posts big blind $0.25
*** HOLE CARDS ***
Dealt to 3d0da8c 
Dealt to ee183358 
Dealt to dac5eb74 
Dealt to 6befb87f 
Dealt to 20af9f00 
Dealt to Hero [Ac Jh]
6befb87f: folds
20af9f00: folds
Hero: raises $0.38 to $0.63
3d0da8c: folds
ee183358: folds
dac5eb74: calls $0.38
*** FLOP *** [6h Kh 9c]
dac5eb74: checks
Hero: bets $0.41
dac5eb74: calls $0.41
*** TURN *** [6h Kh 9c] [Ts]
dac5eb74: checks
Hero: checks
*** RIVER *** [6h Kh 9c Ts] [5s]
dac5eb74: checks
Hero: checks
dac5eb74: shows [9s 8s] (Pair of Nines)
Hero: shows [Ac Jh] (Ace-High)
*** SHOWDOWN ***
dac5eb74 collected $2.08 from pot
*** SUMMARY ***
Total pot $2.18 | Rake $0.1 | Jackpot $0 | Bingo $0 | Fortune $0 | Tax $0
Board [6h Kh 9c Ts 5s]
Seat 1: 3d0da8c (button) folded before Flop (didn't bet)
Seat 2: ee183358 (small blind) folded before Flop
Seat 3: dac5eb74 (big blind) showed [9s 8s] and won ($2.08) with Pair of Nines
Seat 4: 6befb87f folded before Flop (didn't bet)
Seat 5: 20af9f00 folded before Flop (didn't bet)
Seat 6: Hero showed [Ac Jh] and lost with Ace-High


Poker Hand #RC3133693233: Hold'em No Limit ($0.1/$0.25) - 2024/12/09 04:54:07
Table 'RushAndCash16007980' 6-max Seat #1 is the button
Seat 1: 47a03647 ($31.23 in chips)
Seat 2: 6dccdb5b ($27.79 in chips)
Seat 3: ee183358 ($25 in chips)
Seat 4: Hero ($44.54 in chips)
Seat 5: b579a447 ($31.83 in chips)
Seat 6: 1f083042 ($57.27 in chips)
6dccdb5b: posts small blind $0.1
ee183358: posts big blind $0.25
*** HOLE CARDS ***
Dealt to 47a03647 
Dealt to 6dccdb5b 
Dealt to ee183358 
Dealt to Hero [6s 3s]
Dealt to b579a447 
Dealt to 1f083042 
Hero: folds
b579a447: folds
1f083042: folds
47a03647: folds
6dccdb5b: folds
Uncalled bet ($0.15) returned to ee183358
*** SHOWDOWN ***
ee183358 collected $0.2 from pot
*** SUMMARY ***
Total pot $0.2 | Rake $0 | Jackpot $0 | Bingo $0 | Fortune $0 | Tax $0
Seat 1: 47a03647 (button) folded before Flop (didn't bet)
Seat 2: 6dccdb5b (small blind) folded before Flop
Seat 3: ee183358 (big blind) collected ($0.2)
Seat 4: Hero folded before Flop (didn't bet)
Seat 5: b579a447 folded before Flop (didn't bet)
Seat 6: 1f083042 folded before Flop (didn't bet)


Poker Hand #RC3133693205: Hold'em No Limit ($0.1/$0.25) - 2024/12/09 04:54:03
Table 'RushAndCash16007961' 6-max Seat #1 is the button
Seat 1: d7bacf6d ($25 in chips)
Seat 2: 3d0da8c ($32.78 in chips)
Seat 3: f83cd04f ($39.35 in chips)
Seat 4: 34cb8a58 ($53.41 in chips)
Seat 5: Hero ($44.54 in chips)
Seat 6: f507e0d6 ($24.65 in chips)
3d0da8c: posts small blind $0.1
f83cd04f: posts big blind $0.25
*** HOLE CARDS ***
Dealt to d7bacf6d 
Dealt to 3d0da8c 
Dealt to f83cd04f 
Dealt to 34cb8a58 
Dealt to Hero [6d Qc]
Dealt to f507e0d6 
34cb8a58: folds
Hero: folds
f507e0d6: folds
d7bacf6d: raises $0.38 to $0.63
3d0da8c: folds
f83cd04f: folds
Uncalled bet ($0.38) returned to d7bacf6d
*** SHOWDOWN ***
d7bacf6d collected $0.6 from pot
*** SUMMARY ***
Total pot $0.6 | Rake $0 | Jackpot $0 | Bingo $0 | Fortune $0 | Tax $0
Seat 1: d7bacf6d (button) collected ($0.6)
Seat 2: 3d0da8c (small blind) folded before Flop
Seat 3: f83cd04f (big blind) folded before Flop
Seat 4: 34cb8a58 folded before Flop (didn't bet)
Seat 5: Hero folded before Flop (didn't bet)
Seat 6: f507e0d6 folded before Flop (didn't bet)


Poker Hand #RC3133693150: Hold'em No Limit ($0.1/$0.25) - 2024/12/09 04:53:53
Table 'RushAndCash16007926' 6-max Seat #1 is the button
Seat 1: Hero ($44.54 in chips)
Seat 2: c2af0c2e ($27.92 in chips)
Seat 3: 16148130 ($10.63 in chips)
Seat 4: 9abde7f3 ($37.57 in chips)
Seat 5: 6befb87f ($27.04 in chips)
Seat 6: 62f3090d ($25.11 in chips)
c2af0c2e: posts small blind $0.1
16148130: posts big blind $0.25
*** HOLE CARDS ***
Dealt to Hero [Th 8h]
Dealt to c2af0c2e 
Dealt to 16148130 
Dealt to 9abde7f3 
Dealt to 6befb87f 
Dealt to 62f3090d 
9abde7f3: folds
6befb87f: folds
62f3090d: raises $0.38 to $0.63
Hero: folds
c2af0c2e: folds
16148130: calls $0.38
*** FLOP *** [Ac 7d Jc]
16148130: checks
62f3090d: checks
*** TURN *** [Ac 7d Jc] [4c]
16148130: bets $0.68
62f3090d: calls $0.68
*** RIVER *** [Ac 7d Jc 4c] [Kc]
16148130: bets $0.9
62f3090d: raises $2.26 to $3.16
16148130: folds
Uncalled bet ($2.26) returned to 62f3090d
*** SHOWDOWN ***
62f3090d collected $4.3 from pot
*** SUMMARY ***
Total pot $4.52 | Rake $0.22 | Jackpot $0 | Bingo $0 | Fortune $0 | Tax $0
Board [Ac 7d Jc 4c Kc]
Seat 1: Hero (button) folded before Flop (didn't bet)
Seat 2: c2af0c2e (small blind) folded before Flop
Seat 3: 16148130 (big blind) folded on the River
Seat 4: 9abde7f3 folded before Flop (didn't bet)
Seat 5: 6befb87f folded before Flop (didn't bet)
Seat 6: 62f3090d won ($4.3)


Poker Hand #RC3133692642: Hold'em No Limit ($0.1/$0.25) - 2024/12/09 04:52:30
Table 'RushAndCash16007592' 6-max Seat #1 is the button
Seat 1: b8dd521 ($78.95 in chips)
Seat 2: 3d39d2f3 ($25 in chips)
Seat 3: Hero ($33.66 in chips)
Seat 4: 8b5a481 ($72.73 in chips)
Seat 5: 645ca723 ($31.71 in chips)
Seat 6: 66716c5d ($25 in chips)
3d39d2f3: posts small blind $0.1
Hero: posts big blind $0.25
*** HOLE CARDS ***
Dealt to b8dd521 
Dealt to 3d39d2f3 
Dealt to Hero [Th Td]
Dealt to 8b5a481 
Dealt to 645ca723 
Dealt to 66716c5d 
8b5a481: folds
645ca723: raises $0.3 to $0.55
66716c5d: folds
b8dd521: folds
3d39d2f3: folds
Hero: raises $1.95 to $2.5
645ca723: calls $1.95
*** FLOP *** [Ac 9c Ts]
Hero: bets $2.03
645ca723: calls $2.03
*** TURN *** [Ac 9c Ts] [6s]
Hero: bets $7.37
645ca723: calls $7.37
*** RIVER *** [Ac 9c Ts 6s] [3s]
Hero: bets $21.76 and is all-in
645ca723: folds
Uncalled bet ($21.76) returned to Hero
*** SHOWDOWN ***
Hero collected $22.78 from pot
*** SUMMARY ***
Total pot $23.9 | Rake $0.75 | Jackpot $0.37 | Bingo $0 | Fortune $0 | Tax $0
Board [Ac 9c Ts 6s 3s]
Seat 1: b8dd521 (button) folded before Flop (didn't bet)
Seat 2: 3d39d2f3 (small blind) folded before Flop
Seat 3: Hero (big blind) won ($22.78)
Seat 4: 8b5a481 folded before Flop (didn't bet)
Seat 5: 645ca723 folded on the River
Seat 6: 66716c5d folded before Flop (didn't bet)


Poker Hand #RC3133692620: Hold'em No Limit ($0.1/$0.25) - 2024/12/09 04:52:27
Table 'RushAndCash16007575' 6-max Seat #1 is the button
Seat 1: ada0ff31 ($22.4 in chips)
Seat 2: 56cf211a ($31.14 in chips)
Seat 3: 554bf574 ($25 in chips)
Seat 4: Hero ($33.66 in chips)
Seat 5: ee5c27d8 ($55.38 in chips)
Seat 6: db94452a ($29.64 in chips)
56cf211a: posts small blind $0.1
554bf574: posts big blind $0.25
*** HOLE CARDS ***
Dealt to ada0ff31 
Dealt to 56cf211a 
Dealt to 554bf574 
Dealt to Hero [Qh 9c]
Dealt to ee5c27d8 
Dealt to db94452a 
Hero: folds
ee5c27d8: folds
db94452a: raises $0.38 to $0.63
ada0ff31: folds
56cf211a: folds
554bf574: folds
Uncalled bet ($0.38) returned to db94452a
*** SHOWDOWN ***
db94452a collected $0.6 from pot
*** SUMMARY ***
Total pot $0.6 | Rake $0 | Jackpot $0 | Bingo $0 | Fortune $0 | Tax $0
Seat 1: ada0ff31 (button) folded before Flop (didn't bet)
Seat 2: 56cf211a (small blind) folded before Flop
Seat 3: 554bf574 (big blind) folded before Flop
Seat 4: Hero folded before Flop (didn't bet)
Seat 5: ee5c27d8 folded before Flop (didn't bet)
Seat 6: db94452a collected ($0.6)


Poker Hand #RC3133692598: Hold'em No Limit ($0.1/$0.25) - 2024/12/09 04:52:23
Table 'RushAndCash16007559' 6-max Seat #1 is the button
Seat 1: 8f1dd08a ($25 in chips)
Seat 2: Hero ($33.76 in chips)
Seat 3: 66716c5d ($25.25 in chips)
Seat 4: 9606e1cb ($25.35 in chips)
Seat 5: 368b7c17 ($25.33 in chips)
Seat 6: 84cb12ab ($25 in chips)
Hero: posts small blind $0.1
66716c5d: posts big blind $0.25
*** HOLE CARDS ***
Dealt to 8f1dd08a 
Dealt to Hero [9s 7c]
Dealt to 66716c5d 
Dealt to 9606e1cb 
Dealt to 368b7c17 
Dealt to 84cb12ab 
9606e1cb: raises $0.25 to $0.5
368b7c17: folds
84cb12ab: folds
8f1dd08a: folds
Hero: folds
66716c5d: folds
Uncalled bet ($0.25) returned to 9606e1cb
*** SHOWDOWN ***
9606e1cb collected $0.6 from pot
*** SUMMARY ***
Total pot $0.6 | Rake $0 | Jackpot $0 | Bingo $0 | Fortune $0 | Tax $0
Seat 1: 8f1dd08a (button) folded before Flop (didn't bet)
Seat 2: Hero (small blind) folded before Flop
Seat 3: 66716c5d (big blind) folded before Flop
Seat 4: 9606e1cb collected ($0.6)
Seat 5: 368b7c17 folded before Flop (didn't bet)
Seat 6: 84cb12ab folded before Flop (didn't bet)


Poker Hand #RC3133692577: Hold'em No Limit ($0.1/$0.25) - 2024/12/09 04:52:19
Table 'RushAndCash16007544' 6-max Seat #1 is the button
Seat 1: 81e068eb ($23.02 in chips)
Seat 2: 9e40adf ($25 in chips)
Seat 3: d2d62ed ($25 in chips)
Seat 4: b4bbce70 ($17.84 in chips)
Seat 5: bccfe86c ($33.42 in chips)
Seat 6: Hero ($33.76 in chips)
9e40adf: posts small blind $0.1
d2d62ed: posts big blind $0.25
*** HOLE CARDS ***
Dealt to 81e068eb 
Dealt to 9e40adf 
Dealt to d2d62ed 
Dealt to b4bbce70 
Dealt to bccfe86c 
Dealt to Hero [4s 3s]
b4bbce70: raises $0.25 to $0.5
bccfe86c: folds
Hero: folds
81e068eb: folds
9e40adf: folds
d2d62ed: raises $2 to $2.5
b4bbce70: folds
Uncalled bet ($2) returned to d2d62ed
*** SHOWDOWN ***
d2d62ed collected $1.05 from pot
*** SUMMARY ***
Total pot $1.1 | Rake $0.05 | Jackpot $0 | Bingo $0 | Fortune $0 | Tax $0
Seat 1: 81e068eb (button) folded before Flop (didn't bet)
Seat 2: 9e40adf (small blind) folded before Flop
Seat 3: d2d62ed (big blind) collected ($1.05)
Seat 4: b4bbce70 folded before Flop
Seat 5: bccfe86c folded before Flop (didn't bet)
Seat 6: Hero folded before Flop (didn't bet)


Poker Hand #RC3133692554: Hold'em No Limit ($0.1/$0.25) - 2024/12/09 04:52:16
Table 'RushAndCash16007529' 6-max Seat #1 is the button
Seat 1: Hero ($33.76 in chips)
Seat 2: 81e068eb ($23.12 in chips)
Seat 3: feba57d0 ($26.73 in chips)
Seat 4: 8173ac82 ($56.08 in chips)
Seat 5: 9e40adf ($25 in chips)
Seat 6: 27a07fca ($36.31 in chips)
81e068eb: posts small blind $0.1
feba57d0: posts big blind $0.25
*** HOLE CARDS ***
Dealt to Hero [Kd 2c]
Dealt to 81e068eb 
Dealt to feba57d0 
Dealt to 8173ac82 
Dealt to 9e40adf 
Dealt to 27a07fca 
8173ac82: raises $0.38 to $0.63
9e40adf: folds
27a07fca: folds
Hero: folds
81e068eb: folds
feba57d0: folds
Uncalled bet ($0.38) returned to 8173ac82
*** SHOWDOWN ***
8173ac82 collected $0.6 from pot
*** SUMMARY ***
Total pot $0.6 | Rake $0 | Jackpot $0 | Bingo $0 | Fortune $0 | Tax $0
Seat 1: Hero (button) folded before Flop (didn't bet)
Seat 2: 81e068eb (small blind) folded before Flop
Seat 3: feba57d0 (big blind) folded before Flop
Seat 4: 8173ac82 collected ($0.6)
Seat 5: 9e40adf folded before Flop (didn't bet)
Seat 6: 27a07fca folded before Flop (didn't bet)


Poker Hand #RC3133692504: Hold'em No Limit ($0.1/$0.25) - 2024/12/09 04:52:08
Table 'RushAndCash16007494' 6-max Seat #1 is the button
Seat 1: 46e18898 ($25.35 in chips)
Seat 2: 8627468 ($25 in chips)
Seat 3: 4d92ae02 ($27.01 in chips)
Seat 4: cef08da ($24.15 in chips)
Seat 5: 69c43b17 ($39.42 in chips)
Seat 6: Hero ($33.76 in chips)
8627468: posts small blind $0.1
4d92ae02: posts big blind $0.25
*** HOLE CARDS ***
Dealt to 46e18898 
Dealt to 8627468 
Dealt to 4d92ae02 
Dealt to cef08da 
Dealt to 69c43b17 
Dealt to Hero [2h 2d]
cef08da: folds
69c43b17: raises $0.38 to $0.63
Hero: folds
46e18898: folds
8627468: folds
4d92ae02: calls $0.38
*** FLOP *** [Qh 3d Ad]
4d92ae02: checks
69c43b17: bets $0.45
4d92ae02: folds
Uncalled bet ($0.45) returned to 69c43b17
*** SHOWDOWN ***
69c43b17 collected $1.3 from pot
*** SUMMARY ***
Total pot $1.36 | Rake $0.06 | Jackpot $0 | Bingo $0 | Fortune $0 | Tax $0
Board [Qh 3d Ad]
Seat 1: 46e18898 (button) folded before Flop (didn't bet)
Seat 2: 8627468 (small blind) folded before Flop
Seat 3: 4d92ae02 (big blind) folded on the Flop
Seat 4: cef08da folded before Flop (didn't bet)
Seat 5: 69c43b17 won ($1.3)
Seat 6: Hero folded before Flop (didn't bet)


Poker Hand #RC3133692469: Hold'em No Limit ($0.1/$0.25) - 2024/12/09 04:52:03
Table 'RushAndCash16007471' 6-max Seat #1 is the button
Seat 1: 4d97250 ($25.62 in chips)
Seat 2: 520f18dc ($25 in chips)
Seat 3: Hero ($34.01 in chips)
Seat 4: a9ae576b ($42 in chips)
Seat 5: 53e4adab ($73.48 in chips)
Seat 6: 6923833a ($25.35 in chips)
520f18dc: posts small blind $0.1
Hero: posts big blind $0.25
*** HOLE CARDS ***
Dealt to 4d97250 
Dealt to 520f18dc 
Dealt to Hero [7h 4d]
Dealt to a9ae576b 
Dealt to 53e4adab 
Dealt to 6923833a 
a9ae576b: raises $0.25 to $0.5
53e4adab: folds
6923833a: folds
4d97250: folds
520f18dc: calls $0.4
Hero: folds
*** FLOP *** [9h Td 6c]
520f18dc: checks
a9ae576b: bets $0.42
520f18dc: folds
Uncalled bet ($0.42) returned to a9ae576b
*** SHOWDOWN ***
a9ae576b collected $1.19 from pot
*** SUMMARY ***
Total pot $1.25 | Rake $0.06 | Jackpot $0 | Bingo $0 | Fortune $0 | Tax $0
Board [9h Td 6c]
Seat 1: 4d97250 (button) folded before Flop (didn't bet)
Seat 2: 520f18dc (small blind) folded on the Flop
Seat 3: Hero (big blind) folded before Flop
Seat 4: a9ae576b won ($1.19)
Seat 5: 53e4adab folded before Flop (didn't bet)
Seat 6: 6923833a folded before Flop (didn't bet)


Poker Hand #RC3133692344: Hold'em No Limit ($0.1/$0.25) - 2024/12/09 04:51:41
Table 'RushAndCash16007389' 6-max Seat #1 is the button
Seat 1: c2af0c2e ($29.37 in chips)
Seat 2: Hero ($33.32 in chips)
Seat 3: c27e94d1 ($26.15 in chips)
Seat 4: 6befb87f ($25.79 in chips)
Seat 5: 526b7419 ($29.56 in chips)
Seat 6: 53e4adab ($73.98 in chips)
Hero: posts small blind $0.1
c27e94d1: posts big blind $0.25
*** HOLE CARDS ***
Dealt to c2af0c2e 
Dealt to Hero [Ad Qd]
Dealt to c27e94d1 
Dealt to 6befb87f 
Dealt to 526b7419 
Dealt to 53e4adab 
6befb87f: folds
526b7419: folds
53e4adab: raises $0.25 to $0.5
c2af0c2e: folds
Hero: raises $2 to $2.5
c27e94d1: folds
53e4adab: folds
Uncalled bet ($2) returned to Hero
*** SHOWDOWN ***
Hero collected $1.19 from pot
*** SUMMARY ***
Total pot $1.25 | Rake $0.06 | Jackpot $0 | Bingo $0 | Fortune $0 | Tax $0
Seat 1: c2af0c2e (button) folded before Flop (didn't bet)
Seat 2: Hero (small blind) collected ($1.19)
Seat 3: c27e94d1 (big blind) folded before Flop
Seat 4: 6befb87f folded before Flop (didn't bet)
Seat 5: 526b7419 folded before Flop (didn't bet)
Seat 6: 53e4adab folded before Flop


Poker Hand #RC3133692149: Hold'em No Limit ($0.1/$0.25) - 2024/12/09 04:51:07
Table 'RushAndCash16007251' 6-max Seat #1 is the button
Seat 1: 2db29fca ($27.66 in chips)
Seat 2: Hero ($32.63 in chips)
Seat 3: 958d2c47 ($77.88 in chips)
Seat 4: 6befb87f ($26.29 in chips)
Seat 5: 5a521771 ($51.64 in chips)
Seat 6: 4767f62f ($25 in chips)
Hero: posts small blind $0.1
958d2c47: posts big blind $0.25
*** HOLE CARDS ***
Dealt to 2db29fca 
Dealt to Hero [7c 7s]
Dealt to 958d2c47 
Dealt to 6befb87f 
Dealt to 5a521771 
Dealt to 4767f62f 
6befb87f: raises $0.25 to $0.5
5a521771: folds
4767f62f: folds
2db29fca: folds
Hero: calls $0.4
958d2c47: folds
*** FLOP *** [4c Td 6c]
Hero: checks
6befb87f: checks
*** TURN *** [4c Td 6c] [8s]
Hero: checks
6befb87f: checks
*** RIVER *** [4c Td 6c 8s] [Kc]
Hero: checks
6befb87f: checks
Hero: shows [7c 7s] (Pair of Sevens)
6befb87f: shows [Jd Ad] (Ace-High)
*** SHOWDOWN ***
Hero collected $1.19 from pot
*** SUMMARY ***
Total pot $1.25 | Rake $0.06 | Jackpot $0 | Bingo $0 | Fortune $0 | Tax $0
Board [4c Td 6c 8s Kc]
Seat 1: 2db29fca (button) folded before Flop (didn't bet)
Seat 2: Hero (small blind) showed [7c 7s] and won ($1.19) with Pair of Sevens
Seat 3: 958d2c47 (big blind) folded before Flop
Seat 4: 6befb87f showed [Jd Ad] and lost with Ace-High
Seat 5: 5a521771 folded before Flop (didn't bet)
Seat 6: 4767f62f folded before Flop (didn't bet)


Poker Hand #RC3133692130: Hold'em No Limit ($0.1/$0.25) - 2024/12/09 04:51:03
Table 'RushAndCash16007237' 6-max Seat #1 is the button
Seat 1: 867a045e ($28.73 in chips)
Seat 2: 17d6eb07 ($29.11 in chips)
Seat 3: 3509e06f ($50.01 in chips)
Seat 4: Hero ($32.63 in chips)
Seat 5: fb987c64 ($28.01 in chips)
Seat 6: 958d2c47 ($77.88 in chips)
17d6eb07: posts small blind $0.1
3509e06f: posts big blind $0.25
*** HOLE CARDS ***
Dealt to 867a045e 
Dealt to 17d6eb07 
Dealt to 3509e06f 
Dealt to Hero [3h 9c]
Dealt to fb987c64 
Dealt to 958d2c47 
Hero: folds
fb987c64: folds
958d2c47: folds
867a045e: folds
17d6eb07: folds
Uncalled bet ($0.15) returned to 3509e06f
*** SHOWDOWN ***
3509e06f collected $0.2 from pot
*** SUMMARY ***
Total pot $0.2 | Rake $0 | Jackpot $0 | Bingo $0 | Fortune $0 | Tax $0
Seat 1: 867a045e (button) folded before Flop (didn't bet)
Seat 2: 17d6eb07 (small blind) folded before Flop
Seat 3: 3509e06f (big blind) collected ($0.2)
Seat 4: Hero folded before Flop (didn't bet)
Seat 5: fb987c64 folded before Flop (didn't bet)
Seat 6: 958d2c47 folded before Flop (didn't bet)


Poker Hand #RC3133692097: Hold'em No Limit ($0.1/$0.25) - 2024/12/09 04:50:57
Table 'RushAndCash16007212' 6-max Seat #1 is the button
Seat 1: b331b244 ($25.12 in chips)
Seat 2: 8c88931 ($33.73 in chips)
Seat 3: Hero ($32.88 in chips)
Seat 4: 9a01e5f ($28.39 in chips)
Seat 5: 597d56d ($26.18 in chips)
Seat 6: bdeacc87 ($59.33 in chips)
8c88931: posts small blind $0.1
Hero: posts big blind $0.25
*** HOLE CARDS ***
Dealt to b331b244 
Dealt to 8c88931 
Dealt to Hero [7d 4h]
Dealt to 9a01e5f 
Dealt to 597d56d 
Dealt to bdeacc87 
9a01e5f: folds
597d56d: raises $0.25 to $0.5
bdeacc87: folds
b331b244: folds
8c88931: folds
Hero: folds
Uncalled bet ($0.25) returned to 597d56d
*** SHOWDOWN ***
597d56d collected $0.6 from pot
*** SUMMARY ***
Total pot $0.6 | Rake $0 | Jackpot $0 | Bingo $0 | Fortune $0 | Tax $0
Seat 1: b331b244 (button) folded before Flop (didn't bet)
Seat 2: 8c88931 (small blind) folded before Flop
Seat 3: Hero (big blind) folded before Flop
Seat 4: 9a01e5f folded before Flop (didn't bet)
Seat 5: 597d56d collected ($0.6)
Seat 6: bdeacc87 folded before Flop (didn't bet)


Poker Hand #RC3133692078: Hold'em No Limit ($0.1/$0.25) - 2024/12/09 04:50:53
Table 'RushAndCash16007198' 6-max Seat #1 is the button
Seat 1: 645ca723 ($32.36 in chips)
Seat 2: 2adf5bd3 ($47.27 in chips)
Seat 3: 8f1dd08a ($25 in chips)
Seat 4: b232500d ($29.08 in chips)
Seat 5: Hero ($32.88 in chips)
Seat 6: bdeacc87 ($59.33 in chips)
2adf5bd3: posts small blind $0.1
8f1dd08a: posts big blind $0.25
*** HOLE CARDS ***
Dealt to 645ca723 
Dealt to 2adf5bd3 
Dealt to 8f1dd08a 
Dealt to b232500d 
Dealt to Hero [7h 5h]
Dealt to bdeacc87 
b232500d: folds
Hero: folds
bdeacc87: folds
645ca723: folds
2adf5bd3: folds
Uncalled bet ($0.15) returned to 8f1dd08a
*** SHOWDOWN ***
8f1dd08a collected $0.2 from pot
*** SUMMARY ***
Total pot $0.2 | Rake $0 | Jackpot $0 | Bingo $0 | Fortune $0 | Tax $0
Seat 1: 645ca723 (button) folded before Flop (didn't bet)
Seat 2: 2adf5bd3 (small blind) folded before Flop
Seat 3: 8f1dd08a (big blind) collected ($0.2)
Seat 4: b232500d folded before Flop (didn't bet)
Seat 5: Hero folded before Flop (didn't bet)
Seat 6: bdeacc87 folded before Flop (didn't bet)


Poker Hand #RC3133691866: Hold'em No Limit ($0.1/$0.25) - 2024/12/09 04:50:16
Table 'RushAndCash16007048' 6-max Seat #1 is the button
Seat 1: a88b8571 ($46.63 in chips)
Seat 2: 7b834d6b ($33.85 in chips)
Seat 3: 2adf5bd3 ($46.2 in chips)
Seat 4: c3bcfee6 ($25 in chips)
Seat 5: 69a90626 ($24.16 in chips)
Seat 6: Hero ($33.96 in chips)
7b834d6b: posts small blind $0.1
2adf5bd3: posts big blind $0.25
*** HOLE CARDS ***
Dealt to a88b8571 
Dealt to 7b834d6b 
Dealt to 2adf5bd3 
Dealt to c3bcfee6 
Dealt to 69a90626 
Dealt to Hero [9s 9c]
c3bcfee6: folds
69a90626: folds
Hero: raises $0.38 to $0.63
a88b8571: folds
7b834d6b: folds
2adf5bd3: calls $0.38
*** FLOP *** [2c 2h Jh]
2adf5bd3: bets $0.45
Hero: calls $0.45
*** TURN *** [2c 2h Jh] [Td]
2adf5bd3: bets $0.75
Hero: folds
Uncalled bet ($0.75) returned to 2adf5bd3
*** SHOWDOWN ***
2adf5bd3 collected $2.15 from pot
*** SUMMARY ***
Total pot $2.26 | Rake $0.11 | Jackpot $0 | Bingo $0 | Fortune $0 | Tax $0
Board [2c 2h Jh Td]
Seat 1: a88b8571 (button) folded before Flop (didn't bet)
Seat 2: 7b834d6b (small blind) folded before Flop
Seat 3: 2adf5bd3 (big blind) won ($2.15)
Seat 4: c3bcfee6 folded before Flop (didn't bet)
Seat 5: 69a90626 folded before Flop (didn't bet)
Seat 6: Hero folded on the Turn


Poker Hand #RC3133691846: Hold'em No Limit ($0.1/$0.25) - 2024/12/09 04:50:13
Table 'RushAndCash16007035' 6-max Seat #1 is the button
Seat 1: 77bb9fbb ($30.21 in chips)
Seat 2: d353df1a ($49.3 in chips)
Seat 3: 2a38e3fe ($25.83 in chips)
Seat 4: 6fde8da ($25.51 in chips)
Seat 5: 31010023 ($25 in chips)
Seat 6: Hero ($33.96 in chips)
d353df1a: posts small blind $0.1
2a38e3fe: posts big blind $0.25
*** HOLE CARDS ***
Dealt to 77bb9fbb 
Dealt to d353df1a 
Dealt to 2a38e3fe 
Dealt to 6fde8da 
Dealt to 31010023 
Dealt to Hero [9s 4s]
6fde8da: raises $0.35 to $0.6
31010023: folds
Hero: folds
77bb9fbb: folds
d353df1a: raises $2.15 to $2.75
2a38e3fe: folds
6fde8da: folds
Uncalled bet ($2.15) returned to d353df1a
*** SHOWDOWN ***
d353df1a collected $1.38 from pot
*** SUMMARY ***
Total pot $1.45 | Rake $0.07 | Jackpot $0 | Bingo $0 | Fortune $0 | Tax $0
Seat 1: 77bb9fbb (button) folded before Flop (didn't bet)
Seat 2: d353df1a (small blind) collected ($1.38)
Seat 3: 2a38e3fe (big blind) folded before Flop
Seat 4: 6fde8da folded before Flop
Seat 5: 31010023 folded before Flop (didn't bet)
Seat 6: Hero folded before Flop (didn't bet)


Poker Hand #RC3133691829: Hold'em No Limit ($0.1/$0.25) - 2024/12/09 04:50:09
Table 'RushAndCash16007023' 6-max Seat #1 is the button
Seat 1: Hero ($33.96 in chips)
Seat 2: 7ea72ec9 ($25 in chips)
Seat 3: 464b75c1 ($28.93 in chips)
Seat 4: cef08da ($26.88 in chips)
Seat 5: 5f796d31 ($25.95 in chips)
Seat 6: 47a03647 ($28.61 in chips)
7ea72ec9: posts small blind $0.1
464b75c1: posts big blind $0.25
*** HOLE CARDS ***
Dealt to Hero [4h Ts]
Dealt to 7ea72ec9 
Dealt to 464b75c1 
Dealt to cef08da 
Dealt to 5f796d31 
Dealt to 47a03647 
cef08da: raises $0.25 to $0.5
5f796d31: folds
47a03647: raises $1.25 to $1.75
Hero: folds
7ea72ec9: folds
464b75c1: folds
cef08da: calls $1.25
*** FLOP *** [4d 7h Qd]
cef08da: checks
47a03647: bets $1.28
cef08da: folds
Uncalled bet ($1.28) returned to 47a03647
*** SHOWDOWN ***
47a03647 collected $3.66 from pot
*** SUMMARY ***
Total pot $3.85 | Rake $0.19 | Jackpot $0 | Bingo $0 | Fortune $0 | Tax $0
Board [4d 7h Qd]
Seat 1: Hero (button) folded before Flop (didn't bet)
Seat 2: 7ea72ec9 (small blind) folded before Flop
Seat 3: 464b75c1 (big blind) folded before Flop
Seat 4: cef08da folded on the Flop
Seat 5: 5f796d31 folded before Flop (didn't bet)
Seat 6: 47a03647 won ($3.66)


Poker Hand #RC3133691419: Hold'em No Limit ($0.1/$0.25) - 2024/12/09 04:48:55
Table 'RushAndCash16006744' 6-max Seat #1 is the button
Seat 1: 932bd39d ($25.68 in chips)
Seat 2: 1da62fd4 ($25.77 in chips)
Seat 3: 47a03647 ($29.14 in chips)
Seat 4: Hero ($32.88 in chips)
Seat 5: fbfa58b7 ($23.96 in chips)
Seat 6: 5f796d31 ($26.48 in chips)
1da62fd4: posts small blind $0.1
47a03647: posts big blind $0.25
*** HOLE CARDS ***
Dealt to 932bd39d 
Dealt to 1da62fd4 
Dealt to 47a03647 
Dealt to Hero [Th Ah]
Dealt to fbfa58b7 
Dealt to 5f796d31 
Hero: raises $0.28 to $0.53
fbfa58b7: folds
5f796d31: calls $0.53
932bd39d: folds
1da62fd4: folds
47a03647: calls $0.28
*** FLOP *** [Qh 5c 5h]
47a03647: checks
Hero: checks
5f796d31: checks
*** TURN *** [Qh 5c 5h] [Qd]
47a03647: checks
Hero: checks
5f796d31: checks
*** RIVER *** [Qh 5c 5h Qd] [9s]
47a03647: checks
Hero: checks
5f796d31: checks
47a03647: shows [Ts Js] (Pair of Queens and Pair of Fives)
Hero: shows [Th Ah] (Pair of Queens and Pair of Fives)
5f796d31: shows [3d 3s] (Pair of Queens and Pair of Fives)
*** SHOWDOWN ***
Hero collected $1.61 from pot
*** SUMMARY ***
Total pot $1.69 | Rake $0.08 | Jackpot $0 | Bingo $0 | Fortune $0 | Tax $0
Board [Qh 5c 5h Qd 9s]
Seat 1: 932bd39d (button) folded before Flop (didn't bet)
Seat 2: 1da62fd4 (small blind) folded before Flop
Seat 3: 47a03647 (big blind) showed [Ts Js] and lost with Pair of Queens and Pair of Fives
Seat 4: Hero showed [Th Ah] and won ($1.61) with Pair of Queens and Pair of Fives
Seat 5: fbfa58b7 folded before Flop (didn't bet)
Seat 6: 5f796d31 showed [3d 3s] and lost with Pair of Queens and Pair of Fives


Poker Hand #RC3133691348: Hold'em No Limit ($0.1/$0.25) - 2024/12/09 04:48:42
Table 'RushAndCash16006693' 6-max Seat #1 is the button
Seat 1: 6ea9ff0e ($31.35 in chips)
Seat 2: 6331633a ($48.28 in chips)
Seat 3: d961475f ($25.35 in chips)
Seat 4: 8b5a481 ($50.27 in chips)
Seat 5: eb15794b ($28.67 in chips)
Seat 6: Hero ($32.53 in chips)
6331633a: posts small blind $0.1
d961475f: posts big blind $0.25
*** HOLE CARDS ***
Dealt to 6ea9ff0e 
Dealt to 6331633a 
Dealt to d961475f 
Dealt to 8b5a481 
Dealt to eb15794b 
Dealt to Hero [Ks Kc]
8b5a481: folds
eb15794b: folds
Hero: raises $0.38 to $0.63
6ea9ff0e: folds
6331633a: folds
d961475f: folds
Uncalled bet ($0.38) returned to Hero
*** SHOWDOWN ***
Hero collected $0.6 from pot
*** SUMMARY ***
Total pot $0.6 | Rake $0 | Jackpot $0 | Bingo $0 | Fortune $0 | Tax $0
Seat 1: 6ea9ff0e (button) folded before Flop (didn't bet)
Seat 2: 6331633a (small blind) folded before Flop
Seat 3: d961475f (big blind) folded before Flop
Seat 4: 8b5a481 folded before Flop (didn't bet)
Seat 5: eb15794b folded before Flop (didn't bet)
Seat 6: Hero collected ($0.6)


Poker Hand #RC3133691130: Hold'em No Limit ($0.1/$0.25) - 2024/12/09 04:48:02
Table 'RushAndCash16006539' 6-max Seat #1 is the button
Seat 1: 828c1d4a ($33.16 in chips)
Seat 2: c5f4e8e5 ($25.63 in chips)
Seat 3: Hero ($31.85 in chips)
Seat 4: 81e068eb ($20.88 in chips)
Seat 5: e257b89 ($34.9 in chips)
Seat 6: effc693c ($21.72 in chips)
c5f4e8e5: posts small blind $0.1
Hero: posts big blind $0.25
*** HOLE CARDS ***
Dealt to 828c1d4a 
Dealt to c5f4e8e5 
Dealt to Hero [Ts 5s]
Dealt to 81e068eb 
Dealt to e257b89 
Dealt to effc693c 
81e068eb: folds
e257b89: folds
effc693c: folds
828c1d4a: folds
c5f4e8e5: raises $0.5 to $0.75
Hero: calls $0.5
*** FLOP *** [4h Qc 4s]
c5f4e8e5: checks
Hero: bets $0.45
c5f4e8e5: folds
Uncalled bet ($0.45) returned to Hero
*** SHOWDOWN ***
Hero collected $1.43 from pot
*** SUMMARY ***
Total pot $1.5 | Rake $0.07 | Jackpot $0 | Bingo $0 | Fortune $0 | Tax $0
Board [4h Qc 4s]
Seat 1: 828c1d4a (button) folded before Flop (didn't bet)
Seat 2: c5f4e8e5 (small blind) folded on the Flop
Seat 3: Hero (big blind) won ($1.43)
Seat 4: 81e068eb folded before Flop (didn't bet)
Seat 5: e257b89 folded before Flop (didn't bet)
Seat 6: effc693c folded before Flop (didn't bet)


Poker Hand #RC3133691092: Hold'em No Limit ($0.1/$0.25) - 2024/12/09 04:47:55
Table 'RushAndCash16006512' 6-max Seat #1 is the button
Seat 1: 3bf21018 ($26.43 in chips)
Seat 2: Hero ($31.95 in chips)
Seat 3: 73ba2e03 ($25 in chips)
Seat 4: 51b1867 ($8.95 in chips)
Seat 5: 5246f4 ($20.86 in chips)
Seat 6: dc086189 ($25 in chips)
Hero: posts small blind $0.1
73ba2e03: posts big blind $0.25
*** HOLE CARDS ***
Dealt to 3bf21018 
Dealt to Hero [8d 9s]
Dealt to 73ba2e03 
Dealt to 51b1867 
Dealt to 5246f4 
Dealt to dc086189 
51b1867: folds
5246f4: folds
dc086189: folds
3bf21018: raises $0.38 to $0.63
Hero: folds
73ba2e03: calls $0.38
*** FLOP *** [Ad 9c 9h]
73ba2e03: checks
3bf21018: bets $0.34
73ba2e03: folds
Uncalled bet ($0.34) returned to 3bf21018
*** SHOWDOWN ***
3bf21018 collected $1.3 from pot
*** SUMMARY ***
Total pot $1.36 | Rake $0.06 | Jackpot $0 | Bingo $0 | Fortune $0 | Tax $0
Board [Ad 9c 9h]
Seat 1: 3bf21018 (button) won ($1.3)
Seat 2: Hero (small blind) folded before Flop
Seat 3: 73ba2e03 (big blind) folded on the Flop
Seat 4: 51b1867 folded before Flop (didn't bet)
Seat 5: 5246f4 folded before Flop (didn't bet)
Seat 6: dc086189 folded before Flop (didn't bet)


Poker Hand #RC3133691073: Hold'em No Limit ($0.1/$0.25) - 2024/12/09 04:47:52
Table 'RushAndCash16006498' 6-max Seat #1 is the button
Seat 1: fa7a6e16 ($26.09 in chips)
Seat 2: Hero ($32.05 in chips)
Seat 3: c535609b ($25.82 in chips)
Seat 4: e58cadef ($25.9 in chips)
Seat 5: 96628d0e ($14.44 in chips)
Seat 6: 143653ac ($26.38 in chips)
Hero: posts small blind $0.1
c535609b: posts big blind $0.25
*** HOLE CARDS ***
Dealt to fa7a6e16 
Dealt to Hero [5d 7h]
Dealt to c535609b 
Dealt to e58cadef 
Dealt to 96628d0e 
Dealt to 143653ac 
e58cadef: folds
96628d0e: raises $0.75 to $1
143653ac: folds
fa7a6e16: raises $1.75 to $2.75
Hero: folds
c535609b: folds
96628d0e: calls $1.75
*** FLOP *** [8c Qc 4h]
96628d0e: bets $2.93
fa7a6e16: raises $20.41 to $23.34 and is all-in
96628d0e: calls $8.76 and is all-in
Uncalled bet ($11.65) returned to fa7a6e16
fa7a6e16: shows [As Kh] (Ace-High)
96628d0e: shows [Ad Qs] (Pair of Queens)
*** TURN *** [8c Qc 4h] [2c]
*** RIVER *** [8c Qc 4h 2c] [Kc]
*** SHOWDOWN ***
fa7a6e16 collected $28.11 from pot
*** SUMMARY ***
Total pot $29.23 | Rake $0.75 | Jackpot $0.37 | Bingo $0 | Fortune $0 | Tax $0
Board [8c Qc 4h 2c Kc]
Seat 1: fa7a6e16 (button) showed [As Kh] and won ($28.11) with Pair of Kings
Seat 2: Hero (small blind) folded before Flop
Seat 3: c535609b (big blind) folded before Flop
Seat 4: e58cadef folded before Flop (didn't bet)
Seat 5: 96628d0e showed [Ad Qs] and lost with Pair of Queens
Seat 6: 143653ac folded before Flop (didn't bet)


Poker Hand #RC3133691029: Hold'em No Limit ($0.1/$0.25) - 2024/12/09 04:47:44
Table 'RushAndCash16006468' 6-max Seat #1 is the button
Seat 1: Hero ($32.05 in chips)
Seat 2: b82ccc3 ($55.64 in chips)
Seat 3: b579a447 ($26.45 in chips)
Seat 4: 1f083042 ($60.14 in chips)
Seat 5: 4c914c4b ($26.13 in chips)
Seat 6: 3a959e94 ($25 in chips)
b82ccc3: posts small blind $0.1
b579a447: posts big blind $0.25
*** HOLE CARDS ***
Dealt to Hero [9s 5c]
Dealt to b82ccc3 
Dealt to b579a447 
Dealt to 1f083042 
Dealt to 4c914c4b 
Dealt to 3a959e94 
1f083042: folds
4c914c4b: folds
3a959e94: folds
Hero: folds
b82ccc3: folds
Uncalled bet ($0.15) returned to b579a447
*** SHOWDOWN ***
b579a447 collected $0.2 from pot
*** SUMMARY ***
Total pot $0.2 | Rake $0 | Jackpot $0 | Bingo $0 | Fortune $0 | Tax $0
Seat 1: Hero (button) folded before Flop (didn't bet)
Seat 2: b82ccc3 (small blind) folded before Flop
Seat 3: b579a447 (big blind) collected ($0.2)
Seat 4: 1f083042 folded before Flop (didn't bet)
Seat 5: 4c914c4b folded before Flop (didn't bet)
Seat 6: 3a959e94 folded before Flop (didn't bet)


Poker Hand #RC3133691005: Hold'em No Limit ($0.1/$0.25) - 2024/12/09 04:47:41
Table 'RushAndCash16006452' 6-max Seat #1 is the button
Seat 1: 232b4b6e ($28.46 in chips)
Seat 2: a7d03be2 ($28.93 in chips)
Seat 3: d61a8189 ($39.03 in chips)
Seat 4: Hero ($32.05 in chips)
Seat 5: 3b4b649 ($47.52 in chips)
Seat 6: c11df892 ($25.79 in chips)
a7d03be2: posts small blind $0.1
d61a8189: posts big blind $0.25
*** HOLE CARDS ***
Dealt to 232b4b6e 
Dealt to a7d03be2 
Dealt to d61a8189 
Dealt to Hero [9d 7h]
Dealt to 3b4b649 
Dealt to c11df892 
Hero: folds
3b4b649: raises $0.25 to $0.5
c11df892: folds
232b4b6e: folds
a7d03be2: folds
d61a8189: folds
Uncalled bet ($0.25) returned to 3b4b649
*** SHOWDOWN ***
3b4b649 collected $0.6 from pot
*** SUMMARY ***
Total pot $0.6 | Rake $0 | Jackpot $0 | Bingo $0 | Fortune $0 | Tax $0
Seat 1: 232b4b6e (button) folded before Flop (didn't bet)
Seat 2: a7d03be2 (small blind) folded before Flop
Seat 3: d61a8189 (big blind) folded before Flop
Seat 4: Hero folded before Flop (didn't bet)
Seat 5: 3b4b649 collected ($0.6)
Seat 6: c11df892 folded before Flop (didn't bet)


Poker Hand #RC3133690726: Hold'em No Limit ($0.1/$0.25) - 2024/12/09 04:46:53
Table 'RushAndCash16006250' 6-max Seat #1 is the button
Seat 1: 79caead0 ($8.14 in chips)
Seat 2: 3b967cdd ($20.58 in chips)
Seat 3: 232b4b6e ($31.31 in chips)
Seat 4: Hero ($29.39 in chips)
Seat 5: e2e169f6 ($27.61 in chips)
Seat 6: 6ac57387 ($28.57 in chips)
3b967cdd: posts small blind $0.1
232b4b6e: posts big blind $0.25
*** HOLE CARDS ***
Dealt to 79caead0 
Dealt to 3b967cdd 
Dealt to 232b4b6e 
Dealt to Hero [Ah Ts]
Dealt to e2e169f6 
Dealt to 6ac57387 
Hero: raises $0.28 to $0.53
e2e169f6: folds
6ac57387: folds
79caead0: folds
3b967cdd: folds
232b4b6e: calls $0.28
*** FLOP *** [Jc 9s Td]
232b4b6e: checks
Hero: checks
*** TURN *** [Jc 9s Td] [4s]
232b4b6e: bets $0.58
Hero: calls $0.58
*** RIVER *** [Jc 9s Td 4s] [3c]
232b4b6e: bets $1.74
Hero: calls $1.74
232b4b6e: shows [Kd Tc] (Pair of Tens)
Hero: shows [Ah Ts] (Pair of Tens)
*** SHOWDOWN ***
Hero collected $5.51 from pot
*** SUMMARY ***
Total pot $5.8 | Rake $0.29 | Jackpot $0 | Bingo $0 | Fortune $0 | Tax $0
Board [Jc 9s Td 4s 3c]
Seat 1: 79caead0 (button) folded before Flop (didn't bet)
Seat 2: 3b967cdd (small blind) folded before Flop
Seat 3: 232b4b6e (big blind) showed [Kd Tc] and lost with Pair of Tens
Seat 4: Hero showed [Ah Ts] and won ($5.51) with Pair of Tens
Seat 5: e2e169f6 folded before Flop (didn't bet)
Seat 6: 6ac57387 folded before Flop (didn't bet)


Poker Hand #RC3133690646: Hold'em No Limit ($0.1/$0.25) - 2024/12/09 04:46:40
Table 'RushAndCash16006196' 6-max Seat #1 is the button
Seat 1: Hero ($29.04 in chips)
Seat 2: 2d5527e7 ($25 in chips)
Seat 3: bc651535 ($113.17 in chips)
Seat 4: 555dade3 ($42.01 in chips)
Seat 5: 43225317 ($67.38 in chips)
Seat 6: d353df1a ($38.92 in chips)
2d5527e7: posts small blind $0.1
bc651535: posts big blind $0.25
*** HOLE CARDS ***
Dealt to Hero [Qd Ad]
Dealt to 2d5527e7 
Dealt to bc651535 
Dealt to 555dade3 
Dealt to 43225317 
Dealt to d353df1a 
555dade3: folds
43225317: folds
d353df1a: folds
Hero: raises $0.38 to $0.63
2d5527e7: folds
bc651535: folds
Uncalled bet ($0.38) returned to Hero
*** SHOWDOWN ***
Hero collected $0.6 from pot
*** SUMMARY ***
Total pot $0.6 | Rake $0 | Jackpot $0 | Bingo $0 | Fortune $0 | Tax $0
Seat 1: Hero (button) collected ($0.6)
Seat 2: 2d5527e7 (small blind) folded before Flop
Seat 3: bc651535 (big blind) folded before Flop
Seat 4: 555dade3 folded before Flop (didn't bet)
Seat 5: 43225317 folded before Flop (didn't bet)
Seat 6: d353df1a folded before Flop (didn't bet)


Poker Hand #RC3133690576: Hold'em No Limit ($0.1/$0.25) - 2024/12/09 04:46:27
Table 'RushAndCash16006151' 6-max Seat #1 is the button
Seat 1: 555dade3 ($42.01 in chips)
Seat 2: f9d88a2b ($30.98 in chips)
Seat 3: Hero ($29.29 in chips)
Seat 4: c86c74d1 ($16.8 in chips)
Seat 5: b579a447 ($25.43 in chips)
Seat 6: 15f4399b ($26.35 in chips)
f9d88a2b: posts small blind $0.1
Hero: posts big blind $0.25
*** HOLE CARDS ***
Dealt to 555dade3 
Dealt to f9d88a2b 
Dealt to Hero [Ah 8d]
Dealt to c86c74d1 
Dealt to b579a447 
Dealt to 15f4399b 
c86c74d1: folds
b579a447: folds
15f4399b: raises $0.3 to $0.55
555dade3: folds
f9d88a2b: folds
Hero: folds
Uncalled bet ($0.3) returned to 15f4399b
*** SHOWDOWN ***
15f4399b collected $0.6 from pot
*** SUMMARY ***
Total pot $0.6 | Rake $0 | Jackpot $0 | Bingo $0 | Fortune $0 | Tax $0
Seat 1: 555dade3 (button) folded before Flop (didn't bet)
Seat 2: f9d88a2b (small blind) folded before Flop
Seat 3: Hero (big blind) folded before Flop
Seat 4: c86c74d1 folded before Flop (didn't bet)
Seat 5: b579a447 folded before Flop (didn't bet)
Seat 6: 15f4399b collected ($0.6)


Poker Hand #RC3133690559: Hold'em No Limit ($0.1/$0.25) - 2024/12/09 04:46:23
Table 'RushAndCash16006139' 6-max Seat #1 is the button
Seat 1: b579a447 ($25.43 in chips)
Seat 2: b331b244 ($25 in chips)
Seat 3: fb987c64 ($25 in chips)
Seat 4: Hero ($29.29 in chips)
Seat 5: 68065120 ($31.81 in chips)
Seat 6: 69c43b17 ($38.18 in chips)
b331b244: posts small blind $0.1
fb987c64: posts big blind $0.25
*** HOLE CARDS ***
Dealt to b579a447 
Dealt to b331b244 
Dealt to fb987c64 
Dealt to Hero [Kd 8h]
Dealt to 68065120 
Dealt to 69c43b17 
Hero: folds
68065120: folds
69c43b17: folds
b579a447: folds
b331b244: folds
Uncalled bet ($0.15) returned to fb987c64
*** SHOWDOWN ***
fb987c64 collected $0.2 from pot
*** SUMMARY ***
Total pot $0.2 | Rake $0 | Jackpot $0 | Bingo $0 | Fortune $0 | Tax $0
Seat 1: b579a447 (button) folded before Flop (didn't bet)
Seat 2: b331b244 (small blind) folded before Flop
Seat 3: fb987c64 (big blind) collected ($0.2)
Seat 4: Hero folded before Flop (didn't bet)
Seat 5: 68065120 folded before Flop (didn't bet)
Seat 6: 69c43b17 folded before Flop (didn't bet)


Poker Hand #RC3133690260: Hold'em No Limit ($0.1/$0.25) - 2024/12/09 04:45:30
Table 'RushAndCash16005930' 6-max Seat #1 is the button
Seat 1: d86dbcf4 ($26.7 in chips)
Seat 2: 96ee4004 ($25.77 in chips)
Seat 3: b331b244 ($25 in chips)
Seat 4: Hero ($26.11 in chips)
Seat 5: 7c8ae5b7 ($44.4 in chips)
Seat 6: 95e65960 ($25 in chips)
96ee4004: posts small blind $0.1
b331b244: posts big blind $0.25
*** HOLE CARDS ***
Dealt to d86dbcf4 
Dealt to 96ee4004 
Dealt to b331b244 
Dealt to Hero [Kd As]
Dealt to 7c8ae5b7 
Dealt to 95e65960 
Hero: raises $0.28 to $0.53
7c8ae5b7: folds
95e65960: folds
d86dbcf4: folds
96ee4004: folds
b331b244: calls $0.28
*** FLOP *** [6h Td 9d]
b331b244: checks
Hero: checks
*** TURN *** [6h Td 9d] [4s]
b331b244: bets $0.39
Hero: calls $0.39
*** RIVER *** [6h Td 9d 4s] [Kh]
b331b244: checks
Hero: bets $2.5
b331b244: calls $2.5
Hero: shows [Kd As] (Pair of Kings)
b331b244: shows [Ts 8s] (Pair of Tens)
*** SHOWDOWN ***
Hero collected $6.6 from pot
*** SUMMARY ***
Total pot $6.94 | Rake $0.34 | Jackpot $0 | Bingo $0 | Fortune $0 | Tax $0
Board [6h Td 9d 4s Kh]
Seat 1: d86dbcf4 (button) folded before Flop (didn't bet)
Seat 2: 96ee4004 (small blind) folded before Flop
Seat 3: b331b244 (big blind) showed [Ts 8s] and lost with Pair of Tens
Seat 4: Hero showed [Kd As] and won ($6.6) with Pair of Kings
Seat 5: 7c8ae5b7 folded before Flop (didn't bet)
Seat 6: 95e65960 folded before Flop (didn't bet)


Poker Hand #RC3133690239: Hold'em No Limit ($0.1/$0.25) - 2024/12/09 04:45:26
Table 'RushAndCash16005915' 6-max Seat #1 is the button
Seat 1: acc6bfe ($40.35 in chips)
Seat 2: 60dec273 ($45.13 in chips)
Seat 3: d1573dd5 ($16.06 in chips)
Seat 4: b331b244 ($25 in chips)
Seat 5: b6bf2cbf ($31.35 in chips)
Seat 6: Hero ($26.11 in chips)
60dec273: posts small blind $0.1
d1573dd5: posts big blind $0.25
*** HOLE CARDS ***
Dealt to acc6bfe 
Dealt to 60dec273 
Dealt to d1573dd5 
Dealt to b331b244 
Dealt to b6bf2cbf 
Dealt to Hero [7c 3c]
b331b244: folds
b6bf2cbf: folds
Hero: folds
acc6bfe: folds
60dec273: raises $0.25 to $0.5
d1573dd5: raises $1.5 to $2
60dec273: calls $1.5
*** FLOP *** [Js 8h 8s]
60dec273: bets $1.32
d1573dd5: raises $3.68 to $5
60dec273: calls $3.68
*** TURN *** [Js 8h 8s] [9h]
60dec273: checks
d1573dd5: bets $9.06 and is all-in
60dec273: calls $9.06
d1573dd5: shows [4h Tc] (Pair of Eights)
60dec273: shows [Td As] (Pair of Eights)
*** FIRST RIVER *** [Js 8h 8s 9h] [4d]
*** SECOND RIVER *** [Js 8h 8s 9h] [Ah]
*** FIRST SHOWDOWN ***
d1573dd5 collected $15.5 from pot
*** SECOND SHOWDOWN ***
60dec273 collected $15.51 from pot
*** SUMMARY ***
Total pot $32.12 | Rake $0.74 | Jackpot $0.37 | Bingo $0 | Fortune $0 | Tax $0
Hand was run two times
FIRST Board [Js 8h 8s 9h 4d]
SECOND Board [Ah]
Seat 1: acc6bfe (button) folded before Flop (didn't bet)
Seat 2: 60dec273 (small blind) showed [Td As] and lost with Pair of Eights, and won ($15.51)
Seat 3: d1573dd5 (big blind) showed [4h Tc] and won ($15.5) with Pair of Eights and Pair of Fours, and lost
Seat 4: b331b244 folded before Flop (didn't bet)
Seat 5: b6bf2cbf folded before Flop (didn't bet)
Seat 6: Hero folded before Flop (didn't bet)


Poker Hand #RC3133690222: Hold'em No Limit ($0.1/$0.25) - 2024/12/09 04:45:23
Table 'RushAndCash16005901' 6-max Seat #1 is the button
Seat 1: c2af0c2e ($26.92 in chips)
Seat 2: 1a8fff4d ($46.76 in chips)
Seat 3: e3dbb28f ($96.86 in chips)
Seat 4: Hero ($26.11 in chips)
Seat 5: f6bdcb4 ($36.54 in chips)
Seat 6: ac629506 ($23 in chips)
1a8fff4d: posts small blind $0.1
e3dbb28f: posts big blind $0.25
*** HOLE CARDS ***
Dealt to c2af0c2e 
Dealt to 1a8fff4d 
Dealt to e3dbb28f 
Dealt to Hero [Th 6s]
Dealt to f6bdcb4 
Dealt to ac629506 
Hero: folds
f6bdcb4: folds
ac629506: raises $0.3 to $0.55
c2af0c2e: calls $0.55
1a8fff4d: folds
e3dbb28f: folds
*** FLOP *** [8s 9d 9h]
ac629506: bets $0.73
c2af0c2e: calls $0.73
*** TURN *** [8s 9d 9h] [Kc]
ac629506: bets $1.46
c2af0c2e: folds
Uncalled bet ($1.46) returned to ac629506
*** SHOWDOWN ***
ac629506 collected $2.77 from pot
*** SUMMARY ***
Total pot $2.91 | Rake $0.14 | Jackpot $0 | Bingo $0 | Fortune $0 | Tax $0
Board [8s 9d 9h Kc]
Seat 1: c2af0c2e (button) folded on the Turn
Seat 2: 1a8fff4d (small blind) folded before Flop
Seat 3: e3dbb28f (big blind) folded before Flop
Seat 4: Hero folded before Flop (didn't bet)
Seat 5: f6bdcb4 folded before Flop (didn't bet)
Seat 6: ac629506 won ($2.77)


Poker Hand #RC3133690060: Hold'em No Limit ($0.1/$0.25) - 2024/12/09 04:44:52
Table 'RushAndCash16005787' 6-max Seat #1 is the button
Seat 1: Hero ($25.32 in chips)
Seat 2: 9abde7f3 ($27.19 in chips)
Seat 3: f3cc223d ($25.7 in chips)
Seat 4: 9041ee2a ($36.12 in chips)
Seat 5: 8921bacd ($63.9 in chips)
Seat 6: 7ad2e335 ($26.82 in chips)
9abde7f3: posts small blind $0.1
f3cc223d: posts big blind $0.25
*** HOLE CARDS ***
Dealt to Hero [Th Td]
Dealt to 9abde7f3 
Dealt to f3cc223d 
Dealt to 9041ee2a 
Dealt to 8921bacd 
Dealt to 7ad2e335 
9041ee2a: folds
8921bacd: folds
7ad2e335: raises $0.25 to $0.5
Hero: raises $1.12 to $1.62
9abde7f3: folds
f3cc223d: folds
7ad2e335: folds
Uncalled bet ($1.12) returned to Hero
*** SHOWDOWN ***
Hero collected $1.29 from pot
*** SUMMARY ***
Total pot $1.35 | Rake $0.06 | Jackpot $0 | Bingo $0 | Fortune $0 | Tax $0
Seat 1: Hero (button) collected ($1.29)
Seat 2: 9abde7f3 (small blind) folded before Flop
Seat 3: f3cc223d (big blind) folded before Flop
Seat 4: 9041ee2a folded before Flop (didn't bet)
Seat 5: 8921bacd folded before Flop (didn't bet)
Seat 6: 7ad2e335 folded before Flop


Poker Hand #RC3133690019: Hold'em No Limit ($0.1/$0.25) - 2024/12/09 04:44:45
Table 'RushAndCash16005759' 6-max Seat #1 is the button
Seat 1: ac20c990 ($25.45 in chips)
Seat 2: ae242b5f ($32.45 in chips)
Seat 3: Hero ($25.57 in chips)
Seat 4: 426cf42a ($21.78 in chips)
Seat 5: 30a706d1 ($31.76 in chips)
Seat 6: 1f84fd48 ($25 in chips)
ae242b5f: posts small blind $0.1
Hero: posts big blind $0.25
*** HOLE CARDS ***
Dealt to ac20c990 
Dealt to ae242b5f 
Dealt to Hero [2s 4s]
Dealt to 426cf42a 
Dealt to 30a706d1 
Dealt to 1f84fd48 
426cf42a: folds
30a706d1: raises $0.25 to $0.5
1f84fd48: folds
ac20c990: raises $1.02 to $1.52
ae242b5f: folds
Hero: folds
30a706d1: folds
Uncalled bet ($1.02) returned to ac20c990
*** SHOWDOWN ***
ac20c990 collected $1.29 from pot
*** SUMMARY ***
Total pot $1.35 | Rake $0.06 | Jackpot $0 | Bingo $0 | Fortune $0 | Tax $0
Seat 1: ac20c990 (button) collected ($1.29)
Seat 2: ae242b5f (small blind) folded before Flop
Seat 3: Hero (big blind) folded before Flop
Seat 4: 426cf42a folded before Flop (didn't bet)
Seat 5: 30a706d1 folded before Flop
Seat 6: 1f84fd48 folded before Flop (didn't bet)


Poker Hand #RC3133690000: Hold'em No Limit ($0.1/$0.25) - 2024/12/09 04:44:41
Table 'RushAndCash16005747' 6-max Seat #1 is the button
Seat 1: 7604d83c ($74.76 in chips)
Seat 2: Hero ($25.67 in chips)
Seat 3: 7ee33a49 ($25 in chips)
Seat 4: 69c43b17 ($37.48 in chips)
Seat 5: 566ac5a1 ($4.28 in chips)
Seat 6: 6ac57387 ($26.46 in chips)
Hero: posts small blind $0.1
7ee33a49: posts big blind $0.25
*** HOLE CARDS ***
Dealt to 7604d83c 
Dealt to Hero [3s 7d]
Dealt to 7ee33a49 
Dealt to 69c43b17 
Dealt to 566ac5a1 
Dealt to 6ac57387 
69c43b17: raises $0.3 to $0.55
566ac5a1: folds
6ac57387: folds
7604d83c: folds
Hero: folds
7ee33a49: folds
Uncalled bet ($0.3) returned to 69c43b17
*** SHOWDOWN ***
69c43b17 collected $0.6 from pot
*** SUMMARY ***
Total pot $0.6 | Rake $0 | Jackpot $0 | Bingo $0 | Fortune $0 | Tax $0
Seat 1: 7604d83c (button) folded before Flop (didn't bet)
Seat 2: Hero (small blind) folded before Flop
Seat 3: 7ee33a49 (big blind) folded before Flop
Seat 4: 69c43b17 collected ($0.6)
Seat 5: 566ac5a1 folded before Flop (didn't bet)
Seat 6: 6ac57387 folded before Flop (didn't bet)


Poker Hand #RC3133689978: Hold'em No Limit ($0.1/$0.25) - 2024/12/09 04:44:38
Table 'RushAndCash16005732' 6-max Seat #1 is the button
Seat 1: 7604d83c ($74.76 in chips)
Seat 2: 145d268b ($25.45 in chips)
Seat 3: 3509e06f ($49.29 in chips)
Seat 4: Hero ($25.67 in chips)
Seat 5: a5d4d92d ($11.46 in chips)
Seat 6: 111d29ec ($30.65 in chips)
145d268b: posts small blind $0.1
3509e06f: posts big blind $0.25
*** HOLE CARDS ***
Dealt to 7604d83c 
Dealt to 145d268b 
Dealt to 3509e06f 
Dealt to Hero [Kd 9c]
Dealt to a5d4d92d 
Dealt to 111d29ec 
Hero: folds
a5d4d92d: folds
111d29ec: folds
7604d83c: folds
145d268b: folds
Uncalled bet ($0.15) returned to 3509e06f
*** SHOWDOWN ***
3509e06f collected $0.2 from pot
*** SUMMARY ***
Total pot $0.2 | Rake $0 | Jackpot $0 | Bingo $0 | Fortune $0 | Tax $0
Seat 1: 7604d83c (button) folded before Flop (didn't bet)
Seat 2: 145d268b (small blind) folded before Flop
Seat 3: 3509e06f (big blind) collected ($0.2)
Seat 4: Hero folded before Flop (didn't bet)
Seat 5: a5d4d92d folded before Flop (didn't bet)
Seat 6: 111d29ec folded before Flop (didn't bet)


Poker Hand #RC3133689955: Hold'em No Limit ($0.1/$0.25) - 2024/12/09 04:44:33
Table 'RushAndCash16005716' 6-max Seat #1 is the button
Seat 1: 65fce9c7 ($91.51 in chips)
Seat 2: 16da10ac ($25 in chips)
Seat 3: 34256381 ($25.7 in chips)
Seat 4: bbbb6d00 ($44.33 in chips)
Seat 5: 7679f58c ($25.63 in chips)
Seat 6: Hero ($25.67 in chips)
16da10ac: posts small blind $0.1
34256381: posts big blind $0.25
*** HOLE CARDS ***
Dealt to 65fce9c7 
Dealt to 16da10ac 
Dealt to 34256381 
Dealt to bbbb6d00 
Dealt to 7679f58c 
Dealt to Hero [6s 2h]
bbbb6d00: folds
7679f58c: folds
Hero: folds
65fce9c7: raises $0.38 to $0.63
16da10ac: folds
34256381: calls $0.38
*** FLOP *** [Ad 3s 2c]
34256381: checks
65fce9c7: bets $0.44
34256381: folds
Uncalled bet ($0.44) returned to 65fce9c7
*** SHOWDOWN ***
65fce9c7 collected $1.3 from pot
*** SUMMARY ***
Total pot $1.36 | Rake $0.06 | Jackpot $0 | Bingo $0 | Fortune $0 | Tax $0
Board [Ad 3s 2c]
Seat 1: 65fce9c7 (button) won ($1.3)
Seat 2: 16da10ac (small blind) folded before Flop
Seat 3: 34256381 (big blind) folded on the Flop
Seat 4: bbbb6d00 folded before Flop (didn't bet)
Seat 5: 7679f58c folded before Flop (didn't bet)
Seat 6: Hero folded before Flop (didn't bet)


Poker Hand #RC3133689930: Hold'em No Limit ($0.1/$0.25) - 2024/12/09 04:44:30
Table 'RushAndCash16005698' 6-max Seat #1 is the button
Seat 1: c11df892 ($25.33 in chips)
Seat 2: f24c149c ($12.19 in chips)
Seat 3: fbfa58b7 ($25.36 in chips)
Seat 4: Hero ($25.67 in chips)
Seat 5: ae6677c9 ($26.95 in chips)
Seat 6: e2a33560 ($10.41 in chips)
f24c149c: posts small blind $0.1
fbfa58b7: posts big blind $0.25
*** HOLE CARDS ***
Dealt to c11df892 
Dealt to f24c149c 
Dealt to fbfa58b7 
Dealt to Hero [Qc Ts]
Dealt to ae6677c9 
Dealt to e2a33560 
Hero: folds
ae6677c9: folds
e2a33560: folds
c11df892: folds
f24c149c: folds
Uncalled bet ($0.15) returned to fbfa58b7
*** SHOWDOWN ***
fbfa58b7 collected $0.2 from pot
*** SUMMARY ***
Total pot $0.2 | Rake $0 | Jackpot $0 | Bingo $0 | Fortune $0 | Tax $0
Seat 1: c11df892 (button) folded before Flop (didn't bet)
Seat 2: f24c149c (small blind) folded before Flop
Seat 3: fbfa58b7 (big blind) collected ($0.2)
Seat 4: Hero folded before Flop (didn't bet)
Seat 5: ae6677c9 folded before Flop (didn't bet)
Seat 6: e2a33560 folded before Flop (didn't bet)


Poker Hand #RC3133689727: Hold'em No Limit ($0.1/$0.25) - 2024/12/09 04:43:54
Table 'RushAndCash16005550' 6-max Seat #1 is the button
Seat 1: d1573dd5 ($17.01 in chips)
Seat 2: 1f84fd48 ($25 in chips)
Seat 3: 9b32c8b0 ($25.7 in chips)
Seat 4: Hero ($26.05 in chips)
Seat 5: e2e169f6 ($27.31 in chips)
Seat 6: e2a33560 ($10.79 in chips)
1f84fd48: posts small blind $0.1
9b32c8b0: posts big blind $0.25
*** HOLE CARDS ***
Dealt to d1573dd5 
Dealt to 1f84fd48 
Dealt to 9b32c8b0 
Dealt to Hero [9d 9s]
Dealt to e2e169f6 
Dealt to e2a33560 
Hero: raises $0.28 to $0.53
e2e169f6: folds
e2a33560: raises $1.06 to $1.59
d1573dd5: folds
1f84fd48: folds
9b32c8b0: folds
Hero: raises $24.46 to $26.05 and is all-in
e2a33560: calls $9.2 and is all-in
Uncalled bet ($15.26) returned to Hero
Hero: shows [9d 9s]
e2a33560: shows [Th Ad]
*** FIRST FLOP *** [Ac 2c Qh]
*** FIRST TURN *** [Ac 2c Qh] [Ts]
*** FIRST RIVER *** [Ac 2c Qh Ts] [4c]
*** SECOND FLOP *** [2h Jd 8h]
*** SECOND TURN *** [2h Jd 8h] [7s]
*** SECOND RIVER *** [2h Jd 8h 7s] [5s]
*** FIRST SHOWDOWN ***
e2a33560 collected $10.41 from pot
*** SECOND SHOWDOWN ***
Hero collected $10.41 from pot
*** SUMMARY ***
Total pot $21.93 | Rake $0.74 | Jackpot $0.37 | Bingo $0 | Fortune $0 | Tax $0
Hand was run two times
FIRST Board [Ac 2c Qh Ts 4c]
SECOND Board [2h Jd 8h 7s 5s]
Seat 1: d1573dd5 (button) folded before Flop (didn't bet)
Seat 2: 1f84fd48 (small blind) folded before Flop
Seat 3: 9b32c8b0 (big blind) folded before Flop
Seat 4: Hero showed [9d 9s] and lost with Pair of Nines, and won ($10.41) with Pair of Nines
Seat 5: e2e169f6 folded before Flop (didn't bet)
Seat 6: e2a33560 showed [Th Ad] and won ($10.41) with Pair of Aces and Pair of Tens, and lost with Ace-High


Poker Hand #RC3133689698: Hold'em No Limit ($0.1/$0.25) - 2024/12/09 04:43:49
Table 'RushAndCash16005528' 6-max Seat #1 is the button
Seat 1: c932c36d ($35.68 in chips)
Seat 2: Hero ($26.15 in chips)
Seat 3: 2c70f5fd ($34.58 in chips)
Seat 4: 145d268b ($25 in chips)
Seat 5: 9b32c8b0 ($25.7 in chips)
Seat 6: 2db29fca ($25 in chips)
Hero: posts small blind $0.1
2c70f5fd: posts big blind $0.25
*** HOLE CARDS ***
Dealt to c932c36d 
Dealt to Hero [Th 4c]
Dealt to 2c70f5fd 
Dealt to 145d268b 
Dealt to 9b32c8b0 
Dealt to 2db29fca 
145d268b: raises $0.25 to $0.5
9b32c8b0: folds
2db29fca: folds
c932c36d: folds
Hero: folds
2c70f5fd: folds
Uncalled bet ($0.25) returned to 145d268b
*** SHOWDOWN ***
145d268b collected $0.6 from pot
*** SUMMARY ***
Total pot $0.6 | Rake $0 | Jackpot $0 | Bingo $0 | Fortune $0 | Tax $0
Seat 1: c932c36d (button) folded before Flop (didn't bet)
Seat 2: Hero (small blind) folded before Flop
Seat 3: 2c70f5fd (big blind) folded before Flop
Seat 4: 145d268b collected ($0.6)
Seat 5: 9b32c8b0 folded before Flop (didn't bet)
Seat 6: 2db29fca folded before Flop (didn't bet)


Poker Hand #RC3133689624: Hold'em No Limit ($0.1/$0.25) - 2024/12/09 04:43:35
Table 'RushAndCash16005476' 6-max Seat #1 is the button
Seat 1: dd2db393 ($25 in chips)
Seat 2: 12fbd951 ($33.65 in chips)
Seat 3: Hero ($26.4 in chips)
Seat 4: 192b5366 ($14.79 in chips)
Seat 5: 2c70f5fd ($34.68 in chips)
Seat 6: bc651535 ($114.5 in chips)
12fbd951: posts small blind $0.1
Hero: posts big blind $0.25
*** HOLE CARDS ***
Dealt to dd2db393 
Dealt to 12fbd951 
Dealt to Hero [Kc 7s]
Dealt to 192b5366 
Dealt to 2c70f5fd 
Dealt to bc651535 
192b5366: folds
2c70f5fd: folds
bc651535: raises $0.28 to $0.53
dd2db393: folds
12fbd951: folds
Hero: folds
Uncalled bet ($0.28) returned to bc651535
*** SHOWDOWN ***
bc651535 collected $0.6 from pot
*** SUMMARY ***
Total pot $0.6 | Rake $0 | Jackpot $0 | Bingo $0 | Fortune $0 | Tax $0
Seat 1: dd2db393 (button) folded before Flop (didn't bet)
Seat 2: 12fbd951 (small blind) folded before Flop
Seat 3: Hero (big blind) folded before Flop
Seat 4: 192b5366 folded before Flop (didn't bet)
Seat 5: 2c70f5fd folded before Flop (didn't bet)
Seat 6: bc651535 collected ($0.6)


Poker Hand #RC3133689517: Hold'em No Limit ($0.1/$0.25) - 2024/12/09 04:43:18
Table 'RushAndCash16005397' 6-max Seat #1 is the button
Seat 1: Hero ($26.05 in chips)
Seat 2: d6f46850 ($41.22 in chips)
Seat 3: 420ed0f9 ($29.34 in chips)
Seat 4: b190b430 ($8.95 in chips)
Seat 5: 17794ee ($27.57 in chips)
Seat 6: 554bf574 ($25.91 in chips)
d6f46850: posts small blind $0.1
420ed0f9: posts big blind $0.25
*** HOLE CARDS ***
Dealt to Hero [3d 3s]
Dealt to d6f46850 
Dealt to 420ed0f9 
Dealt to b190b430 
Dealt to 17794ee 
Dealt to 554bf574 
b190b430: folds
17794ee: folds
554bf574: folds
Hero: raises $0.38 to $0.63
d6f46850: folds
420ed0f9: folds
Uncalled bet ($0.38) returned to Hero
*** SHOWDOWN ***
Hero collected $0.6 from pot
*** SUMMARY ***
Total pot $0.6 | Rake $0 | Jackpot $0 | Bingo $0 | Fortune $0 | Tax $0
Seat 1: Hero (button) collected ($0.6)
Seat 2: d6f46850 (small blind) folded before Flop
Seat 3: 420ed0f9 (big blind) folded before Flop
Seat 4: b190b430 folded before Flop (didn't bet)
Seat 5: 17794ee folded before Flop (didn't bet)
Seat 6: 554bf574 folded before Flop (didn't bet)


Poker Hand #RC3133689408: Hold'em No Limit ($0.1/$0.25) - 2024/12/09 04:42:58
Table 'RushAndCash16005315' 6-max Seat #1 is the button
Seat 1: f8892475 ($31.47 in chips)
Seat 2: b190b430 ($9.05 in chips)
Seat 3: e257b89 ($25 in chips)
Seat 4: ae6677c9 ($26.95 in chips)
Seat 5: Hero ($25.7 in chips)
Seat 6: d61a8189 ($45.18 in chips)
b190b430: posts small blind $0.1
e257b89: posts big blind $0.25
*** HOLE CARDS ***
Dealt to f8892475 
Dealt to b190b430 
Dealt to e257b89 
Dealt to ae6677c9 
Dealt to Hero [Ah Qc]
Dealt to d61a8189 
ae6677c9: folds
Hero: raises $0.28 to $0.53
d61a8189: folds
f8892475: folds
b190b430: folds
e257b89: folds
Uncalled bet ($0.28) returned to Hero
*** SHOWDOWN ***
Hero collected $0.6 from pot
*** SUMMARY ***
Total pot $0.6 | Rake $0 | Jackpot $0 | Bingo $0 | Fortune $0 | Tax $0
Seat 1: f8892475 (button) folded before Flop (didn't bet)
Seat 2: b190b430 (small blind) folded before Flop
Seat 3: e257b89 (big blind) folded before Flop
Seat 4: ae6677c9 folded before Flop (didn't bet)
Seat 5: Hero collected ($0.6)
Seat 6: d61a8189 folded before Flop (didn't bet)


Poker Hand #RC3133689377: Hold'em No Limit ($0.1/$0.25) - 2024/12/09 04:42:52
Table 'RushAndCash16005294' 6-max Seat #1 is the button
Seat 1: e6bd8dbb ($59.85 in chips)
Seat 2: c1768db5 ($32.46 in chips)
Seat 3: dd5d3a3 ($94.38 in chips)
Seat 4: dc086189 ($25 in chips)
Seat 5: Hero ($25.7 in chips)
Seat 6: 554bf574 ($26.26 in chips)
c1768db5: posts small blind $0.1
dd5d3a3: posts big blind $0.25
*** HOLE CARDS ***
Dealt to e6bd8dbb 
Dealt to c1768db5 
Dealt to dd5d3a3 
Dealt to dc086189 
Dealt to Hero [Qs 9c]
Dealt to 554bf574 
dc086189: folds
Hero: folds
554bf574: folds
e6bd8dbb: folds
c1768db5: raises $0.5 to $0.75
dd5d3a3: raises $1.5 to $2.25
c1768db5: folds
Uncalled bet ($1.5) returned to dd5d3a3
*** SHOWDOWN ***
dd5d3a3 collected $1.43 from pot
*** SUMMARY ***
Total pot $1.5 | Rake $0.07 | Jackpot $0 | Bingo $0 | Fortune $0 | Tax $0
Seat 1: e6bd8dbb (button) folded before Flop (didn't bet)
Seat 2: c1768db5 (small blind) folded before Flop
Seat 3: dd5d3a3 (big blind) collected ($1.43)
Seat 4: dc086189 folded before Flop (didn't bet)
Seat 5: Hero folded before Flop (didn't bet)
Seat 6: 554bf574 folded before Flop (didn't bet)


Poker Hand #RC3133689360: Hold'em No Limit ($0.1/$0.25) - 2024/12/09 04:42:49
Table 'RushAndCash16005281' 6-max Seat #1 is the button
Seat 1: dc086189 ($25 in chips)
Seat 2: caedfc11 ($31.66 in chips)
Seat 3: 1f083042 ($61.77 in chips)
Seat 4: bc651535 ($113.8 in chips)
Seat 5: bbe070e3 ($25.7 in chips)
Seat 6: Hero ($25.7 in chips)
caedfc11: posts small blind $0.1
1f083042: posts big blind $0.25
*** HOLE CARDS ***
Dealt to dc086189 
Dealt to caedfc11 
Dealt to 1f083042 
Dealt to bc651535 
Dealt to bbe070e3 
Dealt to Hero [As 3h]
bc651535: raises $0.25 to $0.5
bbe070e3: folds
Hero: folds
dc086189: folds
caedfc11: folds
1f083042: folds
Uncalled bet ($0.25) returned to bc651535
*** SHOWDOWN ***
bc651535 collected $0.6 from pot
*** SUMMARY ***
Total pot $0.6 | Rake $0 | Jackpot $0 | Bingo $0 | Fortune $0 | Tax $0
Seat 1: dc086189 (button) folded before Flop (didn't bet)
Seat 2: caedfc11 (small blind) folded before Flop
Seat 3: 1f083042 (big blind) folded before Flop
Seat 4: bc651535 collected ($0.6)
Seat 5: bbe070e3 folded before Flop (didn't bet)
Seat 6: Hero folded before Flop (didn't bet)


Poker Hand #RC3133689332: Hold'em No Limit ($0.1/$0.25) - 2024/12/09 04:42:44
Table 'RushAndCash16005260' 6-max Seat #1 is the button
Seat 1: becb0aa3 ($28.34 in chips)
Seat 2: f24c149c ($17.99 in chips)
Seat 3: Hero ($25.95 in chips)
Seat 4: c2af0c2e ($25.35 in chips)
Seat 5: a88b8571 ($24.9 in chips)
Seat 6: cf63941b ($15.54 in chips)
f24c149c: posts small blind $0.1
Hero: posts big blind $0.25
*** HOLE CARDS ***
Dealt to becb0aa3 
Dealt to f24c149c 
Dealt to Hero [6s 9c]
Dealt to c2af0c2e 
Dealt to a88b8571 
Dealt to cf63941b 
c2af0c2e: raises $0.25 to $0.5
a88b8571: folds
cf63941b: folds
becb0aa3: folds
f24c149c: folds
Hero: folds
Uncalled bet ($0.25) returned to c2af0c2e
*** SHOWDOWN ***
c2af0c2e collected $0.6 from pot
*** SUMMARY ***
Total pot $0.6 | Rake $0 | Jackpot $0 | Bingo $0 | Fortune $0 | Tax $0
Seat 1: becb0aa3 (button) folded before Flop (didn't bet)
Seat 2: f24c149c (small blind) folded before Flop
Seat 3: Hero (big blind) folded before Flop
Seat 4: c2af0c2e collected ($0.6)
Seat 5: a88b8571 folded before Flop (didn't bet)
Seat 6: cf63941b folded before Flop (didn't bet)


Poker Hand #RC3133689264: Hold'em No Limit ($0.1/$0.25) - 2024/12/09 04:42:32
Table 'RushAndCash16005209' 6-max Seat #1 is the button
Seat 1: 64d06a29 ($85.58 in chips)
Seat 2: Hero ($26.05 in chips)
Seat 3: 4d97250 ($25.73 in chips)
Seat 4: db27f906 ($35.94 in chips)
Seat 5: 53cd72eb ($25.78 in chips)
Seat 6: 56cf211a ($27.07 in chips)
Hero: posts small blind $0.1
4d97250: posts big blind $0.25
*** HOLE CARDS ***
Dealt to 64d06a29 
Dealt to Hero [Js 9s]
Dealt to 4d97250 
Dealt to db27f906 
Dealt to 53cd72eb 
Dealt to 56cf211a 
db27f906: folds
53cd72eb: folds
56cf211a: raises $0.3 to $0.55
64d06a29: calls $0.55
Hero: folds
4d97250: folds
*** FLOP *** [3s Kh 7s]
56cf211a: bets $0.73
64d06a29: folds
Uncalled bet ($0.73) returned to 56cf211a
*** SHOWDOWN ***
56cf211a collected $1.38 from pot
*** SUMMARY ***
Total pot $1.45 | Rake $0.07 | Jackpot $0 | Bingo $0 | Fortune $0 | Tax $0
Board [3s Kh 7s]
Seat 1: 64d06a29 (button) folded on the Flop
Seat 2: Hero (small blind) folded before Flop
Seat 3: 4d97250 (big blind) folded before Flop
Seat 4: db27f906 folded before Flop (didn't bet)
Seat 5: 53cd72eb folded before Flop (didn't bet)
Seat 6: 56cf211a won ($1.38)


Poker Hand #RC3133689242: Hold'em No Limit ($0.1/$0.25) - 2024/12/09 04:42:29
Table 'RushAndCash16005193' 6-max Seat #1 is the button
Seat 1: Hero ($26.05 in chips)
Seat 2: becb0aa3 ($28.44 in chips)
Seat 3: 520f18dc ($25 in chips)
Seat 4: fd37d24a ($30.59 in chips)
Seat 5: db27f906 ($35.94 in chips)
Seat 6: c11df892 ($27.57 in chips)
becb0aa3: posts small blind $0.1
520f18dc: posts big blind $0.25
*** HOLE CARDS ***
Dealt to Hero [Js 7h]
Dealt to becb0aa3 
Dealt to 520f18dc 
Dealt to fd37d24a 
Dealt to db27f906 
Dealt to c11df892 
fd37d24a: raises $0.25 to $0.5
db27f906: folds
c11df892: folds
Hero: folds
becb0aa3: folds
520f18dc: folds
Uncalled bet ($0.25) returned to fd37d24a
*** SHOWDOWN ***
fd37d24a collected $0.6 from pot
*** SUMMARY ***
Total pot $0.6 | Rake $0 | Jackpot $0 | Bingo $0 | Fortune $0 | Tax $0
Seat 1: Hero (button) folded before Flop (didn't bet)
Seat 2: becb0aa3 (small blind) folded before Flop
Seat 3: 520f18dc (big blind) folded before Flop
Seat 4: fd37d24a collected ($0.6)
Seat 5: db27f906 folded before Flop (didn't bet)
Seat 6: c11df892 folded before Flop (didn't bet)


Poker Hand #RC3133689123: Hold'em No Limit ($0.1/$0.25) - 2024/12/09 04:42:07
Table 'RushAndCash16005110' 6-max Seat #1 is the button
Seat 1: Hero ($26.05 in chips)
Seat 2: 854b240a ($37.61 in chips)
Seat 3: fd37d24a ($30.84 in chips)
Seat 4: 358c7c91 ($39.23 in chips)
Seat 5: 27c25b19 ($25.49 in chips)
Seat 6: ee5c27d8 ($32.6 in chips)
854b240a: posts small blind $0.1
fd37d24a: posts big blind $0.25
*** HOLE CARDS ***
Dealt to Hero [Ac 5h]
Dealt to 854b240a 
Dealt to fd37d24a 
Dealt to 358c7c91 
Dealt to 27c25b19 
Dealt to ee5c27d8 
358c7c91: folds
27c25b19: folds
ee5c27d8: raises $0.38 to $0.63
Hero: folds
854b240a: calls $0.53
fd37d24a: folds
*** FLOP *** [Qh 2s 5s]
854b240a: checks
ee5c27d8: bets $0.5
854b240a: raises $1.26 to $1.76
ee5c27d8: calls $1.26
*** TURN *** [Qh 2s 5s] [Jd]
854b240a: checks
ee5c27d8: bets $3.32
854b240a: calls $3.32
*** RIVER *** [Qh 2s 5s Jd] [6h]
854b240a: checks
ee5c27d8: bets $7.71
854b240a: calls $7.71
ee5c27d8: shows [Js Qs] (Pair of Queens and Pair of Jacks)
854b240a: shows [Qd As] (Pair of Queens)
*** SHOWDOWN ***
ee5c27d8 collected $25.97 from pot
*** SUMMARY ***
Total pot $27.09 | Rake $0.75 | Jackpot $0.37 | Bingo $0 | Fortune $0 | Tax $0
Board [Qh 2s 5s Jd 6h]
Seat 1: Hero (button) folded before Flop (didn't bet)
Seat 2: 854b240a (small blind) showed [Qd As] and lost with Pair of Queens
Seat 3: fd37d24a (big blind) folded before Flop
Seat 4: 358c7c91 folded before Flop (didn't bet)
Seat 5: 27c25b19 folded before Flop (didn't bet)
Seat 6: ee5c27d8 showed [Js Qs] and won ($25.97) with Pair of Queens and Pair of Jacks


Poker Hand #RC3133689052: Hold'em No Limit ($0.1/$0.25) - 2024/12/09 04:41:55
Table 'RushAndCash16005064' 6-max Seat #1 is the button
Seat 1: ae242b5f ($25.28 in chips)
Seat 2: f97b2686 ($25 in chips)
Seat 3: c1768db5 ($33.06 in chips)
Seat 4: d43e1b03 ($29.57 in chips)
Seat 5: 4eb39ed7 ($51.84 in chips)
Seat 6: Hero ($25.7 in chips)
f97b2686: posts small blind $0.1
c1768db5: posts big blind $0.25
*** HOLE CARDS ***
Dealt to ae242b5f 
Dealt to f97b2686 
Dealt to c1768db5 
Dealt to d43e1b03 
Dealt to 4eb39ed7 
Dealt to Hero [2s Ks]
d43e1b03: folds
4eb39ed7: folds
Hero: raises $0.28 to $0.53
ae242b5f: folds
f97b2686: folds
c1768db5: folds
Uncalled bet ($0.28) returned to Hero
*** SHOWDOWN ***
Hero collected $0.6 from pot
*** SUMMARY ***
Total pot $0.6 | Rake $0 | Jackpot $0 | Bingo $0 | Fortune $0 | Tax $0
Seat 1: ae242b5f (button) folded before Flop (didn't bet)
Seat 2: f97b2686 (small blind) folded before Flop
Seat 3: c1768db5 (big blind) folded before Flop
Seat 4: d43e1b03 folded before Flop (didn't bet)
Seat 5: 4eb39ed7 folded before Flop (didn't bet)
Seat 6: Hero collected ($0.6)


Poker Hand #RC3133689019: Hold'em No Limit ($0.1/$0.25) - 2024/12/09 04:41:49
Table 'RushAndCash16005041' 6-max Seat #1 is the button
Seat 1: becb0aa3 ($28.34 in chips)
Seat 2: acc6bfe ($32.63 in chips)
Seat 3: 8b5a481 ($52.77 in chips)
Seat 4: 444f970e ($25.55 in chips)
Seat 5: Hero ($25.7 in chips)
Seat 6: 9b7f8dc4 ($25 in chips)
acc6bfe: posts small blind $0.1
8b5a481: posts big blind $0.25
*** HOLE CARDS ***
Dealt to becb0aa3 
Dealt to acc6bfe 
Dealt to 8b5a481 
Dealt to 444f970e 
Dealt to Hero [Ks 8h]
Dealt to 9b7f8dc4 
444f970e: folds
Hero: folds
9b7f8dc4: folds
becb0aa3: raises $0.38 to $0.63
acc6bfe: folds
8b5a481: folds
Uncalled bet ($0.38) returned to becb0aa3
*** SHOWDOWN ***
becb0aa3 collected $0.6 from pot
*** SUMMARY ***
Total pot $0.6 | Rake $0 | Jackpot $0 | Bingo $0 | Fortune $0 | Tax $0
Seat 1: becb0aa3 (button) collected ($0.6)
Seat 2: acc6bfe (small blind) folded before Flop
Seat 3: 8b5a481 (big blind) folded before Flop
Seat 4: 444f970e folded before Flop (didn't bet)
Seat 5: Hero folded before Flop (didn't bet)
Seat 6: 9b7f8dc4 folded before Flop (didn't bet)


Poker Hand #RC3133688949: Hold'em No Limit ($0.1/$0.25) - 2024/12/09 04:41:37
Table 'RushAndCash16004988' 6-max Seat #1 is the button
Seat 1: 9dd023ea ($36.08 in chips)
Seat 2: e2834d25 ($48 in chips)
Seat 3: Hero ($25.95 in chips)
Seat 4: 2a11ca4f ($17.95 in chips)
Seat 5: 66716c5d ($26.07 in chips)
Seat 6: 8c88931 ($30.35 in chips)
e2834d25: posts small blind $0.1
Hero: posts big blind $0.25
*** HOLE CARDS ***
Dealt to 9dd023ea 
Dealt to e2834d25 
Dealt to Hero [Kd Tc]
Dealt to 2a11ca4f 
Dealt to 66716c5d 
Dealt to 8c88931 
2a11ca4f: folds
66716c5d: raises $0.28 to $0.53
8c88931: folds
9dd023ea: folds
e2834d25: folds
Hero: folds
Uncalled bet ($0.28) returned to 66716c5d
*** SHOWDOWN ***
66716c5d collected $0.6 from pot
*** SUMMARY ***
Total pot $0.6 | Rake $0 | Jackpot $0 | Bingo $0 | Fortune $0 | Tax $0
Seat 1: 9dd023ea (button) folded before Flop (didn't bet)
Seat 2: e2834d25 (small blind) folded before Flop
Seat 3: Hero (big blind) folded before Flop
Seat 4: 2a11ca4f folded before Flop (didn't bet)
Seat 5: 66716c5d collected ($0.6)
Seat 6: 8c88931 folded before Flop (didn't bet)


Poker Hand #RC3133688884: Hold'em No Limit ($0.1/$0.25) - 2024/12/09 04:41:27
Table 'RushAndCash16004938' 6-max Seat #1 is the button
Seat 1: ee5c27d8 ($33.58 in chips)
Seat 2: Hero ($25.7 in chips)
Seat 3: 1f20810 ($25 in chips)
Seat 4: f18a9c64 ($25 in chips)
Seat 5: 256c448f ($70.45 in chips)
Seat 6: 8585b596 ($32.97 in chips)
Hero: posts small blind $0.1
1f20810: posts big blind $0.25
*** HOLE CARDS ***
Dealt to ee5c27d8 
Dealt to Hero [Qd 9h]
Dealt to 1f20810 
Dealt to f18a9c64 
Dealt to 256c448f 
Dealt to 8585b596 
f18a9c64: folds
256c448f: folds
8585b596: folds
ee5c27d8: folds
Hero: raises $0.5 to $0.75
1f20810: folds
Uncalled bet ($0.5) returned to Hero
*** SHOWDOWN ***
Hero collected $0.5 from pot
*** SUMMARY ***
Total pot $0.5 | Rake $0 | Jackpot $0 | Bingo $0 | Fortune $0 | Tax $0
Seat 1: ee5c27d8 (button) folded before Flop (didn't bet)
Seat 2: Hero (small blind) collected ($0.5)
Seat 3: 1f20810 (big blind) folded before Flop
Seat 4: f18a9c64 folded before Flop (didn't bet)
Seat 5: 256c448f folded before Flop (didn't bet)
Seat 6: 8585b596 folded before Flop (didn't bet)


Poker Hand #RC3133688807: Hold'em No Limit ($0.1/$0.25) - 2024/12/09 04:41:15
Table 'RushAndCash16004884' 6-max Seat #1 is the button
Seat 1: bc651535 ($114.5 in chips)
Seat 2: a949ef46 ($34.2 in chips)
Seat 3: bdeacc87 ($65.16 in chips)
Seat 4: Hero ($25.35 in chips)
Seat 5: fa7a6e16 ($30.77 in chips)
Seat 6: 2b1d31e4 ($24.51 in chips)
a949ef46: posts small blind $0.1
bdeacc87: posts big blind $0.25
*** HOLE CARDS ***
Dealt to bc651535 
Dealt to a949ef46 
Dealt to bdeacc87 
Dealt to Hero [Js Qh]
Dealt to fa7a6e16 
Dealt to 2b1d31e4 
Hero: raises $0.28 to $0.53
fa7a6e16: folds
2b1d31e4: folds
bc651535: folds
a949ef46: folds
bdeacc87: folds
Uncalled bet ($0.28) returned to Hero
*** SHOWDOWN ***
Hero collected $0.6 from pot
*** SUMMARY ***
Total pot $0.6 | Rake $0 | Jackpot $0 | Bingo $0 | Fortune $0 | Tax $0
Seat 1: bc651535 (button) folded before Flop (didn't bet)
Seat 2: a949ef46 (small blind) folded before Flop
Seat 3: bdeacc87 (big blind) folded before Flop
Seat 4: Hero collected ($0.6)
Seat 5: fa7a6e16 folded before Flop (didn't bet)
Seat 6: 2b1d31e4 folded before Flop (didn't bet)


Poker Hand #RC3133688788: Hold'em No Limit ($0.1/$0.25) - 2024/12/09 04:41:11
Table 'RushAndCash16004870' 6-max Seat #1 is the button
Seat 1: 320600a5 ($25.45 in chips)
Seat 2: c98e66a3 ($25 in chips)
Seat 3: 53e4adab ($81.74 in chips)
Seat 4: Hero ($25.35 in chips)
Seat 5: 6923833a ($30.19 in chips)
Seat 6: 74b386df ($27.82 in chips)
c98e66a3: posts small blind $0.1
53e4adab: posts big blind $0.25
*** HOLE CARDS ***
Dealt to 320600a5 
Dealt to c98e66a3 
Dealt to 53e4adab 
Dealt to Hero [6h 5s]
Dealt to 6923833a 
Dealt to 74b386df 
Hero: folds
6923833a: raises $0.25 to $0.5
74b386df: calls $0.5
320600a5: raises $1.5 to $2
c98e66a3: folds
53e4adab: folds
6923833a: folds
74b386df: calls $1.5
*** FLOP *** [As Jd 4d]
74b386df: checks
320600a5: bets $1.22
74b386df: calls $1.22
*** TURN *** [As Jd 4d] [7d]
74b386df: checks
320600a5: bets $2.92
74b386df: folds
Uncalled bet ($2.92) returned to 320600a5
*** SHOWDOWN ***
320600a5 collected $6.93 from pot
*** SUMMARY ***
Total pot $7.29 | Rake $0.36 | Jackpot $0 | Bingo $0 | Fortune $0 | Tax $0
Board [As Jd 4d 7d]
Seat 1: 320600a5 (button) won ($6.93)
Seat 2: c98e66a3 (small blind) folded before Flop
Seat 3: 53e4adab (big blind) folded before Flop
Seat 4: Hero folded before Flop (didn't bet)
Seat 5: 6923833a folded before Flop
Seat 6: 74b386df folded on the Turn


Poker Hand #RC3133688702: Hold'em No Limit ($0.1/$0.25) - 2024/12/09 04:40:57
Table 'RushAndCash16004808' 6-max Seat #1 is the button
Seat 1: 96ee4004 ($25.88 in chips)
Seat 2: c1768db5 ($33.66 in chips)
Seat 3: 6923833a ($30.44 in chips)
Seat 4: 3a307a2f ($25 in chips)
Seat 5: d044cf1d ($36.28 in chips)
Seat 6: Hero ($25 in chips)
c1768db5: posts small blind $0.1
6923833a: posts big blind $0.25
*** HOLE CARDS ***
Dealt to 96ee4004 
Dealt to c1768db5 
Dealt to 6923833a 
Dealt to 3a307a2f 
Dealt to d044cf1d 
Dealt to Hero [2c 2d]
3a307a2f: folds
d044cf1d: folds
Hero: raises $0.28 to $0.53
96ee4004: folds
c1768db5: folds
6923833a: folds
Uncalled bet ($0.28) returned to Hero
*** SHOWDOWN ***
Hero collected $0.6 from pot
*** SUMMARY ***
Total pot $0.6 | Rake $0 | Jackpot $0 | Bingo $0 | Fortune $0 | Tax $0
Seat 1: 96ee4004 (button) folded before Flop (didn't bet)
Seat 2: c1768db5 (small blind) folded before Flop
Seat 3: 6923833a (big blind) folded before Flop
Seat 4: 3a307a2f folded before Flop (didn't bet)
Seat 5: d044cf1d folded before Flop (didn't bet)
Seat 6: Hero collected ($0.6)


Poker Hand #RC3133688681: Hold'em No Limit ($0.1/$0.25) - 2024/12/09 04:40:53
Table 'RushAndCash16004794' 6-max Seat #1 is the button
Seat 1: 7b834d6b ($29.36 in chips)
Seat 2: 9c50154b ($40.72 in chips)
Seat 3: 4a5a8ea0 ($14.81 in chips)
Seat 4: c11df892 ($27.01 in chips)
Seat 5: Hero ($25 in chips)
Seat 6: 95e65960 ($27.06 in chips)
9c50154b: posts small blind $0.1
4a5a8ea0: posts big blind $0.25
*** HOLE CARDS ***
Dealt to 7b834d6b 
Dealt to 9c50154b 
Dealt to 4a5a8ea0 
Dealt to c11df892 
Dealt to Hero [5s Qs]
Dealt to 95e65960 
c11df892: folds
Hero: folds
95e65960: raises $0.3 to $0.55
7b834d6b: folds
9c50154b: raises $1.95 to $2.5
4a5a8ea0: folds
95e65960: folds
Uncalled bet ($1.95) returned to 9c50154b
*** SHOWDOWN ***
9c50154b collected $1.29 from pot
*** SUMMARY ***
Total pot $1.35 | Rake $0.06 | Jackpot $0 | Bingo $0 | Fortune $0 | Tax $0
Seat 1: 7b834d6b (button) folded before Flop (didn't bet)
Seat 2: 9c50154b (small blind) collected ($1.29)
Seat 3: 4a5a8ea0 (big blind) folded before Flop
Seat 4: c11df892 folded before Flop (didn't bet)
Seat 5: Hero folded before Flop (didn't bet)
Seat 6: 95e65960 folded before Flop


Poker Hand #RC3133688661: Hold'em No Limit ($0.1/$0.25) - 2024/12/09 04:40:50
Table 'RushAndCash16004779' 6-max Seat #1 is the button
Seat 1: Hero ($25 in chips)
Seat 2: 1a8fff4d ($44.03 in chips)
Seat 3: 5d16fad9 ($21.03 in chips)
Seat 4: 4a5a8ea0 ($14.81 in chips)
Seat 5: 1578f491 ($20.17 in chips)
Seat 6: 58f31105 ($27.1 in chips)
1a8fff4d: posts small blind $0.1
5d16fad9: posts big blind $0.25
*** HOLE CARDS ***
Dealt to Hero [Ks 6c]
Dealt to 1a8fff4d 
Dealt to 5d16fad9 
Dealt to 4a5a8ea0 
Dealt to 1578f491 
Dealt to 58f31105 
4a5a8ea0: folds
1578f491: folds
58f31105: folds
Hero: folds
1a8fff4d: raises $0.5 to $0.75
5d16fad9: folds
Uncalled bet ($0.5) returned to 1a8fff4d
*** SHOWDOWN ***
1a8fff4d collected $0.5 from pot
*** SUMMARY ***
Total pot $0.5 | Rake $0 | Jackpot $0 | Bingo $0 | Fortune $0 | Tax $0
Seat 1: Hero (button) folded before Flop (didn't bet)
Seat 2: 1a8fff4d (small blind) collected ($0.5)
Seat 3: 5d16fad9 (big blind) folded before Flop
Seat 4: 4a5a8ea0 folded before Flop (didn't bet)
Seat 5: 1578f491 folded before Flop (didn't bet)
Seat 6: 58f31105 folded before Flop (didn't bet)


Poker Hand #RC3133688619: Hold'em No Limit ($0.1/$0.25) - 2024/12/09 04:40:43
Table 'RushAndCash16004747' 6-max Seat #1 is the button
Seat 1: a6500d43 ($7.35 in chips)
Seat 2: Hero ($25.1 in chips)
Seat 3: fed122f7 ($23.49 in chips)
Seat 4: 570d4b2d ($27.01 in chips)
Seat 5: 520f18dc ($25.56 in chips)
Seat 6: b8dd521 ($41.01 in chips)
Hero: posts small blind $0.1
fed122f7: posts big blind $0.25
*** HOLE CARDS ***
Dealt to a6500d43 
Dealt to Hero [4s 4d]
Dealt to fed122f7 
Dealt to 570d4b2d 
Dealt to 520f18dc 
Dealt to b8dd521 
570d4b2d: folds
520f18dc: folds
b8dd521: folds
a6500d43: raises $0.25 to $0.5
Hero: folds
fed122f7: raises $1.5 to $2
a6500d43: folds
Uncalled bet ($1.5) returned to fed122f7
*** SHOWDOWN ***
fed122f7 collected $1.05 from pot
*** SUMMARY ***
Total pot $1.1 | Rake $0.05 | Jackpot $0 | Bingo $0 | Fortune $0 | Tax $0
Seat 1: a6500d43 (button) folded before Flop
Seat 2: Hero (small blind) folded before Flop
Seat 3: fed122f7 (big blind) collected ($1.05)
Seat 4: 570d4b2d folded before Flop (didn't bet)
Seat 5: 520f18dc folded before Flop (didn't bet)
Seat 6: b8dd521 folded before Flop (didn't bet)


Poker Hand #RC3133688530: Hold'em No Limit ($0.1/$0.25) - 2024/12/09 04:40:29
Table 'RushAndCash16004684' 6-max Seat #1 is the button
Seat 1: 2c70f5fd ($34.18 in chips)
Seat 2: 867a045e ($27.79 in chips)
Seat 3: Hero ($25 in chips)
Seat 4: 9b7f8dc4 ($25 in chips)
Seat 5: 4a5a8ea0 ($13.89 in chips)
Seat 6: 786cec22 ($25.45 in chips)
867a045e: posts small blind $0.1
Hero: posts big blind $0.25
*** HOLE CARDS ***
Dealt to 2c70f5fd 
Dealt to 867a045e 
Dealt to Hero [7h 3d]
Dealt to 9b7f8dc4 
Dealt to 4a5a8ea0 
Dealt to 786cec22 
9b7f8dc4: folds
4a5a8ea0: folds
786cec22: folds
2c70f5fd: folds
867a045e: folds
Uncalled bet ($0.15) returned to Hero
*** SHOWDOWN ***
Hero collected $0.2 from pot
*** SUMMARY ***
Total pot $0.2 | Rake $0 | Jackpot $0 | Bingo $0 | Fortune $0 | Tax $0
Seat 1: 2c70f5fd (button) folded before Flop (didn't bet)
Seat 2: 867a045e (small blind) folded before Flop
Seat 3: Hero (big blind) collected ($0.2)
Seat 4: 9b7f8dc4 folded before Flop (didn't bet)
Seat 5: 4a5a8ea0 folded before Flop (didn't bet)
Seat 6: 786cec22 folded before Flop (didn't bet)


Poker Hand #RC3133688506: Hold'em No Limit ($0.1/$0.25) - 2024/12/09 04:40:25
Table 'RushAndCash16004666' 6-max Seat #1 is the button
Seat 1: 1339b366 ($31.85 in chips)
Seat 2: ae242b5f ($22.29 in chips)
Seat 3: f97b2686 ($25 in chips)
Seat 4: c69784a6 ($8.94 in chips)
Seat 5: Hero ($25 in chips)
Seat 6: b6fd7029 ($76.57 in chips)
ae242b5f: posts small blind $0.1
f97b2686: posts big blind $0.25
*** HOLE CARDS ***
Dealt to 1339b366 
Dealt to ae242b5f 
Dealt to f97b2686 
Dealt to c69784a6 
Dealt to Hero [5h 8h]
Dealt to b6fd7029 
c69784a6: folds
Hero: folds
b6fd7029: folds
1339b366: folds
ae242b5f: raises $0.25 to $0.5
f97b2686: raises $1.5 to $2
ae242b5f: calls $1.5
*** FLOP *** [5s Js 9h]
ae242b5f: checks
f97b2686: bets $1.32
ae242b5f: calls $1.32
*** TURN *** [5s Js 9h] [Jh]
ae242b5f: checks
f97b2686: checks
*** RIVER *** [5s Js 9h Jh] [Qc]
ae242b5f: bets $7.5
f97b2686: folds
Uncalled bet ($7.5) returned to ae242b5f
*** SHOWDOWN ***
ae242b5f collected $6.31 from pot
*** SUMMARY ***
Total pot $6.64 | Rake $0.33 | Jackpot $0 | Bingo $0 | Fortune $0 | Tax $0
Board [5s Js 9h Jh Qc]
Seat 1: 1339b366 (button) folded before Flop (didn't bet)
Seat 2: ae242b5f (small blind) won ($6.31)
Seat 3: f97b2686 (big blind) folded on the River
Seat 4: c69784a6 folded before Flop (didn't bet)
Seat 5: Hero folded before Flop (didn't bet)
Seat 6: b6fd7029 folded before Flop (didn't bet)


Poker Hand #RC3133688486: Hold'em No Limit ($0.1/$0.25) - 2024/12/09 04:40:21
Table 'RushAndCash16004652' 6-max Seat #1 is the button
Seat 1: df8cb5e7 ($25.28 in chips)
Seat 2: 6f62c4cd ($35.16 in chips)
Seat 3: 8173ac82 ($57.25 in chips)
Seat 4: Hero ($25 in chips)
Seat 5: f97b2686 ($25 in chips)
Seat 6: bf6b4447 ($30.83 in chips)
6f62c4cd: posts small blind $0.1
8173ac82: posts big blind $0.25
*** HOLE CARDS ***
Dealt to df8cb5e7 
Dealt to 6f62c4cd 
Dealt to 8173ac82 
Dealt to Hero [2c Kc]
Dealt to f97b2686 
Dealt to bf6b4447 
Hero: folds
f97b2686: folds
bf6b4447: folds
df8cb5e7: folds
6f62c4cd: raises $0.25 to $0.5
8173ac82: calls $0.25
*** FLOP *** [Qc 8h Ac]
6f62c4cd: bets $0.5
8173ac82: calls $0.5
*** TURN *** [Qc 8h Ac] [5c]
6f62c4cd: checks
8173ac82: bets $0.66
6f62c4cd: folds
Uncalled bet ($0.66) returned to 8173ac82
*** SHOWDOWN ***
8173ac82 collected $1.9 from pot
*** SUMMARY ***
Total pot $2 | Rake $0.1 | Jackpot $0 | Bingo $0 | Fortune $0 | Tax $0
Board [Qc 8h Ac 5c]
Seat 1: df8cb5e7 (button) folded before Flop (didn't bet)
Seat 2: 6f62c4cd (small blind) folded on the Turn
Seat 3: 8173ac82 (big blind) won ($1.9)
Seat 4: Hero folded before Flop (didn't bet)
Seat 5: f97b2686 folded before Flop (didn't bet)
Seat 6: bf6b4447 folded before Flop (didn't bet)


Poker Hand #RC3133688464: Hold'em No Limit ($0.1/$0.25) - 2024/12/09 04:40:18
Table 'RushAndCash16004636' 6-max Seat #1 is the button
Seat 1: e3cba20e ($2.99 in chips)
Seat 2: 1578f491 ($20.02 in chips)
Seat 3: 23e5daf2 ($33.7 in chips)
Seat 4: Hero ($25 in chips)
Seat 5: a9ae576b ($25 in chips)
Seat 6: b8dd521 ($41.64 in chips)
1578f491: posts small blind $0.1
23e5daf2: posts big blind $0.25
*** HOLE CARDS ***
Dealt to e3cba20e 
Dealt to 1578f491 
Dealt to 23e5daf2 
Dealt to Hero [5d 3s]
Dealt to a9ae576b 
Dealt to b8dd521 
Hero: folds
a9ae576b: folds
b8dd521: folds
e3cba20e: raises $0.25 to $0.5
1578f491: folds
23e5daf2: folds
Uncalled bet ($0.25) returned to e3cba20e
*** SHOWDOWN ***
e3cba20e collected $0.6 from pot
*** SUMMARY ***
Total pot $0.6 | Rake $0 | Jackpot $0 | Bingo $0 | Fortune $0 | Tax $0
Seat 1: e3cba20e (button) collected ($0.6)
Seat 2: 1578f491 (small blind) folded before Flop
Seat 3: 23e5daf2 (big blind) folded before Flop
Seat 4: Hero folded before Flop (didn't bet)
Seat 5: a9ae576b folded before Flop (didn't bet)
Seat 6: b8dd521 folded before Flop (didn't bet)


Poker Hand #RC3133688426: Hold'em No Limit ($0.1/$0.25) - 2024/12/09 04:40:12
Table 'RushAndCash16004609' 6-max Seat #1 is the button
Seat 1: Hero ($25 in chips)
Seat 2: f048f653 ($17.73 in chips)
Seat 3: c86c74d1 ($20.12 in chips)
Seat 4: 23e5daf2 ($33.7 in chips)
Seat 5: 38d320cd ($33.77 in chips)
Seat 6: 69c43b17 ($32.22 in chips)
f048f653: posts small blind $0.1
c86c74d1: posts big blind $0.25
*** HOLE CARDS ***
Dealt to Hero [7d Jc]
Dealt to f048f653 
Dealt to c86c74d1 
Dealt to 23e5daf2 
Dealt to 38d320cd 
Dealt to 69c43b17 
23e5daf2: folds
38d320cd: folds
69c43b17: folds
Hero: folds
f048f653: raises $0.25 to $0.5
c86c74d1: calls $0.25
*** FLOP *** [Jh 2s 2d]
f048f653: bets $0.33
c86c74d1: folds
Uncalled bet ($0.33) returned to f048f653
*** SHOWDOWN ***
f048f653 collected $0.95 from pot
*** SUMMARY ***
Total pot $1 | Rake $0.05 | Jackpot $0 | Bingo $0 | Fortune $0 | Tax $0
Board [Jh 2s 2d]
Seat 1: Hero (button) folded before Flop (didn't bet)
Seat 2: f048f653 (small blind) won ($0.95)
Seat 3: c86c74d1 (big blind) folded on the Flop
Seat 4: 23e5daf2 folded before Flop (didn't bet)
Seat 5: 38d320cd folded before Flop (didn't bet)
Seat 6: 69c43b17 folded before Flop (didn't bet)


Poker Hand #RC3133688382: Hold'em No Limit ($0.1/$0.25) - 2024/12/09 04:40:04
Table 'RushAndCash16004577' 6-max Seat #1 is the button
Seat 1: 659ecd14 ($25 in chips)
Seat 2: feba57d0 ($25.98 in chips)
Seat 3: Hero ($25 in chips)
Seat 4: db65a590 ($25.1 in chips)
Seat 5: fa5a1653 ($64.52 in chips)
Seat 6: c1768db5 ($30.75 in chips)
feba57d0: posts small blind $0.1
Hero: posts big blind $0.25
*** HOLE CARDS ***
Dealt to 659ecd14 
Dealt to feba57d0 
Dealt to Hero [Ks 9d]
Dealt to db65a590 
Dealt to fa5a1653 
Dealt to c1768db5 
db65a590: raises $0.3 to $0.55
fa5a1653: folds
c1768db5: folds
659ecd14: folds
feba57d0: folds
Hero: folds
Uncalled bet ($0.3) returned to db65a590
*** SHOWDOWN ***
db65a590 collected $0.6 from pot
*** SUMMARY ***
Total pot $0.6 | Rake $0 | Jackpot $0 | Bingo $0 | Fortune $0 | Tax $0
Seat 1: 659ecd14 (button) folded before Flop (didn't bet)
Seat 2: feba57d0 (small blind) folded before Flop
Seat 3: Hero (big blind) folded before Flop
Seat 4: db65a590 collected ($0.6)
Seat 5: fa5a1653 folded before Flop (didn't bet)
Seat 6: c1768db5 folded before Flop (didn't bet)


Poker Hand #RC3133688304: Hold'em No Limit ($0.1/$0.25) - 2024/12/09 04:39:50
Table 'RushAndCash16004519' 6-max Seat #1 is the button
Seat 1: fed122f7 ($23.03 in chips)
Seat 2: Hero ($25 in chips)
Seat 3: fd37d24a ($30.38 in chips)
Seat 4: 3b4b649 ($31.1 in chips)
Seat 5: 46625c70 ($18.63 in chips)
Seat 6: 23e5daf2 ($34.05 in chips)
Hero: posts small blind $0.1
fd37d24a: posts big blind $0.25
*** HOLE CARDS ***
Dealt to fed122f7 
Dealt to Hero [4s 2s]
Dealt to fd37d24a 
Dealt to 3b4b649 
Dealt to 46625c70 
Dealt to 23e5daf2 
3b4b649: raises $0.25 to $0.5
46625c70: folds
23e5daf2: folds
fed122f7: folds
Hero: folds
fd37d24a: folds
Uncalled bet ($0.25) returned to 3b4b649
*** SHOWDOWN ***
3b4b649 collected $0.6 from pot
*** SUMMARY ***
Total pot $0.6 | Rake $0 | Jackpot $0 | Bingo $0 | Fortune $0 | Tax $0
Seat 1: fed122f7 (button) folded before Flop (didn't bet)
Seat 2: Hero (small blind) folded before Flop
Seat 3: fd37d24a (big blind) folded before Flop
Seat 4: 3b4b649 collected ($0.6)
Seat 5: 46625c70 folded before Flop (didn't bet)
Seat 6: 23e5daf2 folded before Flop (didn't bet)


Poker Hand #RC3133688269: Hold'em No Limit ($0.1/$0.25) - 2024/12/09 04:39:44
Table 'RushAndCash16004493' 6-max Seat #1 is the button
Seat 1: eb5725dd ($25 in chips)
Seat 2: 8ade0b05 ($22.19 in chips)
Seat 3: 74b386df ($27.5 in chips)
Seat 4: 32f7e01f ($83.39 in chips)
Seat 5: 932bd39d ($26.13 in chips)
Seat 6: Hero ($25 in chips)
8ade0b05: posts small blind $0.1
74b386df: posts big blind $0.25
*** HOLE CARDS ***
Dealt to eb5725dd 
Dealt to 8ade0b05 
Dealt to 74b386df 
Dealt to 32f7e01f 
Dealt to 932bd39d 
Dealt to Hero [6h 6s]
32f7e01f: raises $0.38 to $0.63
932bd39d: folds
Hero: folds
eb5725dd: folds
8ade0b05: folds
74b386df: folds
Uncalled bet ($0.38) returned to 32f7e01f
*** SHOWDOWN ***
32f7e01f collected $0.6 from pot
*** SUMMARY ***
Total pot $0.6 | Rake $0 | Jackpot $0 | Bingo $0 | Fortune $0 | Tax $0
Seat 1: eb5725dd (button) folded before Flop (didn't bet)
Seat 2: 8ade0b05 (small blind) folded before Flop
Seat 3: 74b386df (big blind) folded before Flop
Seat 4: 32f7e01f collected ($0.6)
Seat 5: 932bd39d folded before Flop (didn't bet)
Seat 6: Hero folded before Flop (didn't bet)


Poker Hand #RC3133688243: Hold'em No Limit ($0.1/$0.25) - 2024/12/09 04:39:39
Table 'RushAndCash16004475' 6-max Seat #1 is the button
Seat 1: 8b5a481 ($54.8 in chips)
Seat 2: 86ef8821 ($36.52 in chips)
Seat 3: cb6225a3 ($81.81 in chips)
Seat 4: fa5a1653 ($64.87 in chips)
Seat 5: acc6bfe ($28.12 in chips)
Seat 6: Hero ($25 in chips)
86ef8821: posts small blind $0.1
cb6225a3: posts big blind $0.25
*** HOLE CARDS ***
Dealt to 8b5a481 
Dealt to 86ef8821 
Dealt to cb6225a3 
Dealt to fa5a1653 
Dealt to acc6bfe 
Dealt to Hero [Js 7h]
fa5a1653: folds
acc6bfe: folds
Hero: folds
8b5a481: raises $0.38 to $0.63
86ef8821: folds
cb6225a3: raises $1.87 to $2.5
8b5a481: folds
Uncalled bet ($1.87) returned to cb6225a3
*** SHOWDOWN ***
cb6225a3 collected $1.3 from pot
*** SUMMARY ***
Total pot $1.36 | Rake $0.06 | Jackpot $0 | Bingo $0 | Fortune $0 | Tax $0
Seat 1: 8b5a481 (button) folded before Flop
Seat 2: 86ef8821 (small blind) folded before Flop
Seat 3: cb6225a3 (big blind) collected ($1.3)
Seat 4: fa5a1653 folded before Flop (didn't bet)
Seat 5: acc6bfe folded before Flop (didn't bet)
Seat 6: Hero folded before Flop (didn't bet)


Poker Hand #RC3133688213: Hold'em No Limit ($0.1/$0.25) - 2024/12/09 04:39:34
Table 'RushAndCash16004454' 6-max Seat #1 is the button
Seat 1: 6f06a808 ($29.79 in chips)
Seat 2: bccfe86c ($25 in chips)
Seat 3: 2c70f5fd ($25.25 in chips)
Seat 4: 5d16fad9 ($29.83 in chips)
Seat 5: Hero ($25 in chips)
Seat 6: 495297c4 ($19.43 in chips)
bccfe86c: posts small blind $0.1
2c70f5fd: posts big blind $0.25
*** HOLE CARDS ***
Dealt to 6f06a808 
Dealt to bccfe86c 
Dealt to 2c70f5fd 
Dealt to 5d16fad9 
Dealt to Hero [3d 9s]
Dealt to 495297c4 
5d16fad9: raises $0.25 to $0.5
Hero: folds
495297c4: calls $0.5
6f06a808: folds
bccfe86c: calls $0.4
2c70f5fd: calls $0.25
*** FLOP *** [8c 9c Js]
bccfe86c: checks
2c70f5fd: checks
5d16fad9: bets $1
495297c4: calls $1
bccfe86c: folds
2c70f5fd: raises $2.25 to $3.25
5d16fad9: calls $2.25
495297c4: folds
*** TURN *** [8c 9c Js] [5h]
2c70f5fd: bets $4.3
5d16fad9: calls $4.3
*** RIVER *** [8c 9c Js 5h] [Qs]
2c70f5fd: bets $17.2 and is all-in
5d16fad9: folds
Uncalled bet ($17.2) returned to 2c70f5fd
*** SHOWDOWN ***
2c70f5fd collected $16.98 from pot
*** SUMMARY ***
Total pot $18.1 | Rake $0.75 | Jackpot $0.37 | Bingo $0 | Fortune $0 | Tax $0
Board [8c 9c Js 5h Qs]
Seat 1: 6f06a808 (button) folded before Flop (didn't bet)
Seat 2: bccfe86c (small blind) folded on the Flop
Seat 3: 2c70f5fd (big blind) won ($16.98)
Seat 4: 5d16fad9 folded on the River
Seat 5: Hero folded before Flop (didn't bet)
Seat 6: 495297c4 folded on the Flop


Poker Hand #RC3133688172: Hold'em No Limit ($0.1/$0.25) - 2024/12/09 04:39:26
Table 'RushAndCash16004424' 6-max Seat #1 is the button
Seat 1: Hero ($25 in chips)
Seat 2: 958d2c47 ($49.27 in chips)
Seat 3: db27f906 ($35.31 in chips)
Seat 4: 96ee4004 ($18.62 in chips)
Seat 5: 6f62c4cd ($35.71 in chips)
Seat 6: 145d268b ($25 in chips)
958d2c47: posts small blind $0.1
db27f906: posts big blind $0.25
*** HOLE CARDS ***
Dealt to Hero [8s 5h]
Dealt to 958d2c47 
Dealt to db27f906 
Dealt to 96ee4004 
Dealt to 6f62c4cd 
Dealt to 145d268b 
96ee4004: folds
6f62c4cd: folds
145d268b: folds
Hero: folds
958d2c47: folds
Uncalled bet ($0.15) returned to db27f906
*** SHOWDOWN ***
db27f906 collected $0.2 from pot
*** SUMMARY ***
Total pot $0.2 | Rake $0 | Jackpot $0 | Bingo $0 | Fortune $0 | Tax $0
Seat 1: Hero (button) folded before Flop (didn't bet)
Seat 2: 958d2c47 (small blind) folded before Flop
Seat 3: db27f906 (big blind) collected ($0.2)
Seat 4: 96ee4004 folded before Flop (didn't bet)
Seat 5: 6f62c4cd folded before Flop (didn't bet)
Seat 6: 145d268b folded before Flop (didn't bet)


Poker Hand #RC3133688051: Hold'em No Limit ($0.1/$0.25) - 2024/12/09 04:39:05
Table 'RushAndCash16004338' 6-max Seat #1 is the button
Seat 1: ac629506 ($24.5 in chips)
Seat 2: Hero ($25 in chips)
Seat 3: 2b7f1537 ($34.38 in chips)
Seat 4: fd55f699 ($32.35 in chips)
Seat 5: 43225317 ($80.11 in chips)
Seat 6: f97b2686 ($25 in chips)
Hero: posts small blind $0.1
2b7f1537: posts big blind $0.25
*** HOLE CARDS ***
Dealt to ac629506 
Dealt to Hero [4c 5c]
Dealt to 2b7f1537 
Dealt to fd55f699 
Dealt to 43225317 
Dealt to f97b2686 
fd55f699: folds
43225317: folds
f97b2686: folds
ac629506: raises $0.3 to $0.55
Hero: folds
2b7f1537: folds
Uncalled bet ($0.3) returned to ac629506
*** SHOWDOWN ***
ac629506 collected $0.6 from pot
*** SUMMARY ***
Total pot $0.6 | Rake $0 | Jackpot $0 | Bingo $0 | Fortune $0 | Tax $0
Seat 1: ac629506 (button) collected ($0.6)
Seat 2: Hero (small blind) folded before Flop
Seat 3: 2b7f1537 (big blind) folded before Flop
Seat 4: fd55f699 folded before Flop (didn't bet)
Seat 5: 43225317 folded before Flop (didn't bet)
Seat 6: f97b2686 folded before Flop (didn't bet)


Poker Hand #RC3133687986: Hold'em No Limit ($0.1/$0.25) - 2024/12/09 04:38:55
Table 'RushAndCash16004292' 6-max Seat #1 is the button
Seat 1: 2023520a ($27.98 in chips)
Seat 2: 7b834d6b ($28.79 in chips)
Seat 3: Hero ($25 in chips)
Seat 4: 6923833a ($27.94 in chips)
Seat 5: f6bdcb4 ($27.04 in chips)
Seat 6: 69c43b17 ($31.31 in chips)
7b834d6b: posts small blind $0.1
Hero: posts big blind $0.25
*** HOLE CARDS ***
Dealt to 2023520a 
Dealt to 7b834d6b 
Dealt to Hero [4c Js]
Dealt to 6923833a 
Dealt to f6bdcb4 
Dealt to 69c43b17 
6923833a: folds
f6bdcb4: folds
69c43b17: folds
2023520a: folds
7b834d6b: raises $0.5 to $0.75
Hero: folds
Uncalled bet ($0.5) returned to 7b834d6b
*** SHOWDOWN ***
7b834d6b collected $0.5 from pot
*** SUMMARY ***
Total pot $0.5 | Rake $0 | Jackpot $0 | Bingo $0 | Fortune $0 | Tax $0
Seat 1: 2023520a (button) folded before Flop (didn't bet)
Seat 2: 7b834d6b (small blind) collected ($0.5)
Seat 3: Hero (big blind) folded before Flop
Seat 4: 6923833a folded before Flop (didn't bet)
Seat 5: f6bdcb4 folded before Flop (didn't bet)
Seat 6: 69c43b17 folded before Flop (didn't bet)


Poker Hand #RC3133687728: Hold'em No Limit ($0.1/$0.25) - 2024/12/09 04:38:09
Table 'RushAndCash16004107' 6-max Seat #1 is the button
Seat 1: 6923833a ($27.59 in chips)
Seat 2: b190b430 ($10.05 in chips)
Seat 3: 8d5d26c5 ($28.08 in chips)
Seat 4: Hero ($25 in chips)
Seat 5: 2a11ca4f ($26.88 in chips)
Seat 6: 8f12c968 ($32.11 in chips)
b190b430: posts small blind $0.1
8d5d26c5: posts big blind $0.25
*** HOLE CARDS ***
Dealt to 6923833a 
Dealt to b190b430 
Dealt to 8d5d26c5 
Dealt to Hero [Ah Qs]
Dealt to 2a11ca4f 
Dealt to 8f12c968 
Hero: raises $0.28 to $0.53
2a11ca4f: folds
8f12c968: folds
6923833a: folds
b190b430: folds
8d5d26c5: calls $0.28
*** FLOP *** [Td Js 7d]
8d5d26c5: checks
Hero: bets $0.35
8d5d26c5: calls $0.35
*** TURN *** [Td Js 7d] [6h]
8d5d26c5: checks
Hero: checks
*** RIVER *** [Td Js 7d 6h] [8s]
8d5d26c5: checks
Hero: checks
8d5d26c5: shows [8d Ts] (Pair of Tens and Pair of Eights)
Hero: shows [Ah Qs] (Ace-High)
*** SHOWDOWN ***
8d5d26c5 collected $1.77 from pot
*** SUMMARY ***
Total pot $1.86 | Rake $0.09 | Jackpot $0 | Bingo $0 | Fortune $0 | Tax $0
Board [Td Js 7d 6h 8s]
Seat 1: 6923833a (button) folded before Flop (didn't bet)
Seat 2: b190b430 (small blind) folded before Flop
Seat 3: 8d5d26c5 (big blind) showed [8d Ts] and won ($1.77) with Pair of Tens and Pair of Eights
Seat 4: Hero showed [Ah Qs] and lost with Ace-High
Seat 5: 2a11ca4f folded before Flop (didn't bet)
Seat 6: 8f12c968 folded before Flop (didn't bet)


Poker Hand #RC3133687707: Hold'em No Limit ($0.1/$0.25) - 2024/12/09 04:38:05
Table 'RushAndCash16004093' 6-max Seat #1 is the button
Seat 1: ac629506 ($24.85 in chips)
Seat 2: Hero ($25 in chips)
Seat 3: 77bb9fbb ($28.69 in chips)
Seat 4: be895635 ($25.1 in chips)
Seat 5: 8cbf34b7 ($27.16 in chips)
Seat 6: b7d8a233 ($25.1 in chips)
Hero: posts small blind $0.1
77bb9fbb: posts big blind $0.25
*** HOLE CARDS ***
Dealt to ac629506 
Dealt to Hero [5h 3c]
Dealt to 77bb9fbb 
Dealt to be895635 
Dealt to 8cbf34b7 
Dealt to b7d8a233 
be895635: folds
8cbf34b7: folds
b7d8a233: raises $0.38 to $0.63
ac629506: folds
Hero: folds
77bb9fbb: calls $0.38
*** FLOP *** [3s Qc Jh]
77bb9fbb: checks
b7d8a233: bets $1.02
77bb9fbb: folds
Uncalled bet ($1.02) returned to b7d8a233
*** SHOWDOWN ***
b7d8a233 collected $1.3 from pot
*** SUMMARY ***
Total pot $1.36 | Rake $0.06 | Jackpot $0 | Bingo $0 | Fortune $0 | Tax $0
Board [3s Qc Jh]
Seat 1: ac629506 (button) folded before Flop (didn't bet)
Seat 2: Hero (small blind) folded before Flop
Seat 3: 77bb9fbb (big blind) folded on the Flop
Seat 4: be895635 folded before Flop (didn't bet)
Seat 5: 8cbf34b7 folded before Flop (didn't bet)
Seat 6: b7d8a233 won ($1.3)


Poker Hand #RC3133687688: Hold'em No Limit ($0.1/$0.25) - 2024/12/09 04:38:02
Table 'RushAndCash16004079' 6-max Seat #1 is the button
Seat 1: Hero ($25 in chips)
Seat 2: 5c1a0172 ($26.81 in chips)
Seat 3: d2d62ed ($25 in chips)
Seat 4: c23cc847 ($29.07 in chips)
Seat 5: 105a0bc ($77.43 in chips)
Seat 6: 238e5924 ($204.09 in chips)
5c1a0172: posts small blind $0.1
d2d62ed: posts big blind $0.25
*** HOLE CARDS ***
Dealt to Hero [6s 7h]
Dealt to 5c1a0172 
Dealt to d2d62ed 
Dealt to c23cc847 
Dealt to 105a0bc 
Dealt to 238e5924 
c23cc847: folds
105a0bc: folds
238e5924: folds
Hero: folds
5c1a0172: folds
Uncalled bet ($0.15) returned to d2d62ed
*** SHOWDOWN ***
d2d62ed collected $0.2 from pot
*** SUMMARY ***
Total pot $0.2 | Rake $0 | Jackpot $0 | Bingo $0 | Fortune $0 | Tax $0
Seat 1: Hero (button) folded before Flop (didn't bet)
Seat 2: 5c1a0172 (small blind) folded before Flop
Seat 3: d2d62ed (big blind) collected ($0.2)
Seat 4: c23cc847 folded before Flop (didn't bet)
Seat 5: 105a0bc folded before Flop (didn't bet)
Seat 6: 238e5924 folded before Flop (didn't bet)


Poker Hand #RC3133687661: Hold'em No Limit ($0.1/$0.25) - 2024/12/09 04:37:58
Table 'RushAndCash16004058' 6-max Seat #1 is the button
Seat 1: 37cac2c8 ($25 in chips)
Seat 2: b6bf2cbf ($26.45 in chips)
Seat 3: ab0f511f ($26.34 in chips)
Seat 4: 31a2ac8e ($28.61 in chips)
Seat 5: Hero ($25 in chips)
Seat 6: 62f3090d ($25.35 in chips)
b6bf2cbf: posts small blind $0.1
ab0f511f: posts big blind $0.25
*** HOLE CARDS ***
Dealt to 37cac2c8 
Dealt to b6bf2cbf 
Dealt to ab0f511f 
Dealt to 31a2ac8e 
Dealt to Hero [9c 5s]
Dealt to 62f3090d 
31a2ac8e: raises $0.25 to $0.5
Hero: folds
62f3090d: folds
37cac2c8: folds
b6bf2cbf: folds
ab0f511f: calls $0.25
*** FLOP *** [Jc Td 7c]
ab0f511f: checks
31a2ac8e: bets $0.37
ab0f511f: calls $0.37
*** TURN *** [Jc Td 7c] [5d]
ab0f511f: checks
31a2ac8e: checks
*** RIVER *** [Jc Td 7c 5d] [Qh]
ab0f511f: checks
31a2ac8e: checks
ab0f511f: shows [Jh Kh] (Pair of Jacks)
31a2ac8e: shows [Ts Ks] (Pair of Tens)
*** SHOWDOWN ***
ab0f511f collected $1.75 from pot
*** SUMMARY ***
Total pot $1.84 | Rake $0.09 | Jackpot $0 | Bingo $0 | Fortune $0 | Tax $0
Board [Jc Td 7c 5d Qh]
Seat 1: 37cac2c8 (button) folded before Flop (didn't bet)
Seat 2: b6bf2cbf (small blind) folded before Flop
Seat 3: ab0f511f (big blind) showed [Jh Kh] and won ($1.75) with Pair of Jacks
Seat 4: 31a2ac8e showed [Ts Ks] and lost with Pair of Tens
Seat 5: Hero folded before Flop (didn't bet)
Seat 6: 62f3090d folded before Flop (didn't bet)


Poker Hand #RC3133687629: Hold'em No Limit ($0.1/$0.25) - 2024/12/09 04:37:53
Table 'RushAndCash16004035' 6-max Seat #1 is the button
Seat 1: db65a590 ($24.65 in chips)
Seat 2: 37cac2c8 ($25.03 in chips)
Seat 3: Hero ($25 in chips)
Seat 4: 62fc10ef ($43.93 in chips)
Seat 5: 66716c5d ($27.93 in chips)
Seat 6: bc651535 ($105.58 in chips)
37cac2c8: posts small blind $0.1
Hero: posts big blind $0.25
*** HOLE CARDS ***
Dealt to db65a590 
Dealt to 37cac2c8 
Dealt to Hero [Jc 8h]
Dealt to 62fc10ef 
Dealt to 66716c5d 
Dealt to bc651535 
62fc10ef: raises $0.25 to $0.5
66716c5d: folds
bc651535: folds
db65a590: folds
37cac2c8: folds
Hero: folds
Uncalled bet ($0.25) returned to 62fc10ef
*** SHOWDOWN ***
62fc10ef collected $0.6 from pot
*** SUMMARY ***
Total pot $0.6 | Rake $0 | Jackpot $0 | Bingo $0 | Fortune $0 | Tax $0
Seat 1: db65a590 (button) folded before Flop (didn't bet)
Seat 2: 37cac2c8 (small blind) folded before Flop
Seat 3: Hero (big blind) folded before Flop
Seat 4: 62fc10ef collected ($0.6)
Seat 5: 66716c5d folded before Flop (didn't bet)
Seat 6: bc651535 folded before Flop (didn't bet)


Poker Hand #RC3133687608: Hold'em No Limit ($0.1/$0.25) - 2024/12/09 04:37:50
Table 'RushAndCash16004019' 6-max Seat #1 is the button
Seat 1: fa7a6e16 ($32.58 in chips)
Seat 2: 3040befc ($25 in chips)
Seat 3: dc086189 ($27.37 in chips)
Seat 4: Hero ($25 in chips)
Seat 5: 5b907d46 ($27.35 in chips)
Seat 6: 68065120 ($25 in chips)
3040befc: posts small blind $0.1
dc086189: posts big blind $0.25
*** HOLE CARDS ***
Dealt to fa7a6e16 
Dealt to 3040befc 
Dealt to dc086189 
Dealt to Hero [3d 8s]
Dealt to 5b907d46 
Dealt to 68065120 
Hero: folds
5b907d46: folds
68065120: raises $0.3 to $0.55
fa7a6e16: raises $1.12 to $1.67
3040befc: folds
dc086189: folds
68065120: calls $1.12
*** FLOP *** [Ts 9d 2s]
68065120: checks
fa7a6e16: bets $1.85
68065120: calls $1.85
*** TURN *** [Ts 9d 2s] [6h]
68065120: checks
fa7a6e16: checks
*** RIVER *** [Ts 9d 2s 6h] [As]
68065120: checks
fa7a6e16: checks
68065120: shows [Jh Js] (Pair of Jacks)
fa7a6e16: shows [Th Qh] (Pair of Tens)
*** SHOWDOWN ***
68065120 collected $7.02 from pot
*** SUMMARY ***
Total pot $7.39 | Rake $0.37 | Jackpot $0 | Bingo $0 | Fortune $0 | Tax $0
Board [Ts 9d 2s 6h As]
Seat 1: fa7a6e16 (button) showed [Th Qh] and lost with Pair of Tens
Seat 2: 3040befc (small blind) folded before Flop
Seat 3: dc086189 (big blind) folded before Flop
Seat 4: Hero folded before Flop (didn't bet)
Seat 5: 5b907d46 folded before Flop (didn't bet)
Seat 6: 68065120 showed [Jh Js] and won ($7.02) with Pair of Jacks


Poker Hand #RC3133687586: Hold'em No Limit ($0.1/$0.25) - 2024/12/09 04:37:46
Table 'RushAndCash16004004' 6-max Seat #1 is the button
Seat 1: 77bb9fbb ($28.34 in chips)
Seat 2: 9b32c8b0 ($28.81 in chips)
Seat 3: 356bc4bc ($26.86 in chips)
Seat 4: 5b907d46 ($27.35 in chips)
Seat 5: d8950dba ($119.73 in chips)
Seat 6: Hero ($25 in chips)
9b32c8b0: posts small blind $0.1
356bc4bc: posts big blind $0.25
*** HOLE CARDS ***
Dealt to 77bb9fbb 
Dealt to 9b32c8b0 
Dealt to 356bc4bc 
Dealt to 5b907d46 
Dealt to d8950dba 
Dealt to Hero [9d 5s]
5b907d46: folds
d8950dba: folds
Hero: folds
77bb9fbb: raises $0.25 to $0.5
9b32c8b0: folds
356bc4bc: folds
Uncalled bet ($0.25) returned to 77bb9fbb
*** SHOWDOWN ***
77bb9fbb collected $0.6 from pot
*** SUMMARY ***
Total pot $0.6 | Rake $0 | Jackpot $0 | Bingo $0 | Fortune $0 | Tax $0
Seat 1: 77bb9fbb (button) collected ($0.6)
Seat 2: 9b32c8b0 (small blind) folded before Flop
Seat 3: 356bc4bc (big blind) folded before Flop
Seat 4: 5b907d46 folded before Flop (didn't bet)
Seat 5: d8950dba folded before Flop (didn't bet)
Seat 6: Hero folded before Flop (didn't bet)


Poker Hand #RC3133687567: Hold'em No Limit ($0.1/$0.25) - 2024/12/09 04:37:43
Table 'RushAndCash16003991' 6-max Seat #1 is the button
Seat 1: a88b8571 ($13.18 in chips)
Seat 2: 77bb9fbb ($28.44 in chips)
Seat 3: b94e6f75 ($28.77 in chips)
Seat 4: 5246f4 ($17.79 in chips)
Seat 5: Hero ($25 in chips)
Seat 6: 659ecd14 ($25.58 in chips)
77bb9fbb: posts small blind $0.1
b94e6f75: posts big blind $0.25
*** HOLE CARDS ***
Dealt to a88b8571 
Dealt to 77bb9fbb 
Dealt to b94e6f75 
Dealt to 5246f4 
Dealt to Hero [4s Td]
Dealt to 659ecd14 
5246f4: folds
Hero: folds
659ecd14: folds
a88b8571: folds
77bb9fbb: folds
Uncalled bet ($0.15) returned to b94e6f75
*** SHOWDOWN ***
b94e6f75 collected $0.2 from pot
*** SUMMARY ***
Total pot $0.2 | Rake $0 | Jackpot $0 | Bingo $0 | Fortune $0 | Tax $0
Seat 1: a88b8571 (button) folded before Flop (didn't bet)
Seat 2: 77bb9fbb (small blind) folded before Flop
Seat 3: b94e6f75 (big blind) collected ($0.2)
Seat 4: 5246f4 folded before Flop (didn't bet)
Seat 5: Hero folded before Flop (didn't bet)
Seat 6: 659ecd14 folded before Flop (didn't bet)


Poker Hand #RC3133687551: Hold'em No Limit ($0.1/$0.25) - 2024/12/09 04:37:39
Table 'RushAndCash16003979' 6-max Seat #1 is the button
Seat 1: Hero ($25 in chips)
Seat 2: 58f31105 ($28.25 in chips)
Seat 3: e2a33560 ($10.08 in chips)
Seat 4: f24c149c ($11.15 in chips)
Seat 5: 59d6c31f ($29.45 in chips)
Seat 6: 464b75c1 ($25.43 in chips)
58f31105: posts small blind $0.1
e2a33560: posts big blind $0.25
*** HOLE CARDS ***
Dealt to Hero [3d 8h]
Dealt to 58f31105 
Dealt to e2a33560 
Dealt to f24c149c 
Dealt to 59d6c31f 
Dealt to 464b75c1 
f24c149c: folds
59d6c31f: folds
464b75c1: raises $0.3 to $0.55
Hero: folds
58f31105: folds
e2a33560: calls $0.3
*** FLOP *** [7d 6c Ts]
e2a33560: checks
464b75c1: checks
*** TURN *** [7d 6c Ts] [5s]
e2a33560: checks
464b75c1: checks
*** RIVER *** [7d 6c Ts 5s] [3s]
e2a33560: checks
464b75c1: checks
e2a33560: shows [Kd 3h] (Pair of Treys)
464b75c1: shows [9d 9c] (Pair of Nines)
*** SHOWDOWN ***
464b75c1 collected $1.14 from pot
*** SUMMARY ***
Total pot $1.2 | Rake $0.06 | Jackpot $0 | Bingo $0 | Fortune $0 | Tax $0
Board [7d 6c Ts 5s 3s]
Seat 1: Hero (button) folded before Flop (didn't bet)
Seat 2: 58f31105 (small blind) folded before Flop
Seat 3: e2a33560 (big blind) showed [Kd 3h] and lost with Pair of Treys
Seat 4: f24c149c folded before Flop (didn't bet)
Seat 5: 59d6c31f folded before Flop (didn't bet)
Seat 6: 464b75c1 showed [9d 9c] and won ($1.14) with Pair of Nines


Poker Hand #RC3133687482: Hold'em No Limit ($0.1/$0.25) - 2024/12/09 04:37:28
Table 'RushAndCash16003929' 6-max Seat #1 is the button
Seat 1: 6f06a808 ($32.51 in chips)
Seat 2: Hero ($25 in chips)
Seat 3: 46092957 ($24.16 in chips)
Seat 4: 256c448f ($66.61 in chips)
Seat 5: 49bc7e1d ($42.84 in chips)
Seat 6: 68e1e90d ($25 in chips)
Hero: posts small blind $0.1
46092957: posts big blind $0.25
*** HOLE CARDS ***
Dealt to 6f06a808 
Dealt to Hero [5c Ah]
Dealt to 46092957 
Dealt to 256c448f 
Dealt to 49bc7e1d 
Dealt to 68e1e90d 
256c448f: folds
49bc7e1d: folds
68e1e90d: folds
6f06a808: raises $0.75 to $1
Hero: folds
46092957: calls $0.75
*** FLOP *** [Td Ts Js]
46092957: checks
6f06a808: bets $0.84
46092957: folds
Uncalled bet ($0.84) returned to 6f06a808
*** SHOWDOWN ***
6f06a808 collected $2 from pot
*** SUMMARY ***
Total pot $2.1 | Rake $0.1 | Jackpot $0 | Bingo $0 | Fortune $0 | Tax $0
Board [Td Ts Js]
Seat 1: 6f06a808 (button) won ($2)
Seat 2: Hero (small blind) folded before Flop
Seat 3: 46092957 (big blind) folded on the Flop
Seat 4: 256c448f folded before Flop (didn't bet)
Seat 5: 49bc7e1d folded before Flop (didn't bet)
Seat 6: 68e1e90d folded before Flop (didn't bet)


Poker Hand #RC3133687341: Hold'em No Limit ($0.1/$0.25) - 2024/12/09 04:37:06
Table 'RushAndCash16003827' 6-max Seat #1 is the button
Seat 1: ba221ad4 ($26.22 in chips)
Seat 2: b579a447 ($26 in chips)
Seat 3: Hero ($25 in chips)
Seat 4: 1a8fff4d ($43.47 in chips)
Seat 5: a6693473 ($79.25 in chips)
Seat 6: 38d320cd ($30.34 in chips)
b579a447: posts small blind $0.1
Hero: posts big blind $0.25
*** HOLE CARDS ***
Dealt to ba221ad4 
Dealt to b579a447 
Dealt to Hero [Jc 9s]
Dealt to 1a8fff4d 
Dealt to a6693473 
Dealt to 38d320cd 
1a8fff4d: folds
a6693473: folds
38d320cd: raises $0.25 to $0.5
ba221ad4: calls $0.5
b579a447: folds
Hero: folds
*** FLOP *** [Td Kc 5h]
38d320cd: checks
ba221ad4: bets $0.68
38d320cd: calls $0.68
*** TURN *** [Td Kc 5h] [5s]
38d320cd: checks
ba221ad4: bets $1.36
38d320cd: calls $1.36
*** RIVER *** [Td Kc 5h 5s] [9h]
38d320cd: checks
ba221ad4: checks
38d320cd: shows [Kd Ac] (Pair of Kings and Pair of Fives)
ba221ad4: shows [7s Ts] (Pair of Tens and Pair of Fives)
*** SHOWDOWN ***
38d320cd collected $5.16 from pot
*** SUMMARY ***
Total pot $5.43 | Rake $0.27 | Jackpot $0 | Bingo $0 | Fortune $0 | Tax $0
Board [Td Kc 5h 5s 9h]
Seat 1: ba221ad4 (button) showed [7s Ts] and lost with Pair of Tens and Pair of Fives
Seat 2: b579a447 (small blind) folded before Flop
Seat 3: Hero (big blind) folded before Flop
Seat 4: 1a8fff4d folded before Flop (didn't bet)
Seat 5: a6693473 folded before Flop (didn't bet)
Seat 6: 38d320cd showed [Kd Ac] and won ($5.16) with Pair of Kings and Pair of Fives


Poker Hand #RC3133687210: Hold'em No Limit ($0.1/$0.25) - 2024/12/09 04:36:44
Table 'RushAndCash16003736' 6-max Seat #1 is the button
Seat 1: 71143195 ($24.9 in chips)
Seat 2: b190b430 ($9.8 in chips)
Seat 3: 46092957 ($24.41 in chips)
Seat 4: 426cf42a ($24.66 in chips)
Seat 5: 8f12c968 ($30.08 in chips)
Seat 6: Hero ($25 in chips)
b190b430: posts small blind $0.1
46092957: posts big blind $0.25
*** HOLE CARDS ***
Dealt to 71143195 
Dealt to b190b430 
Dealt to 46092957 
Dealt to 426cf42a 
Dealt to 8f12c968 
Dealt to Hero [Td Js]
426cf42a: folds
8f12c968: folds
Hero: raises $0.28 to $0.53
71143195: raises $1.41 to $1.94
b190b430: folds
46092957: folds
Hero: folds
Uncalled bet ($1.41) returned to 71143195
*** SHOWDOWN ***
71143195 collected $1.34 from pot
*** SUMMARY ***
Total pot $1.41 | Rake $0.07 | Jackpot $0 | Bingo $0 | Fortune $0 | Tax $0
Seat 1: 71143195 (button) collected ($1.34)
Seat 2: b190b430 (small blind) folded before Flop
Seat 3: 46092957 (big blind) folded before Flop
Seat 4: 426cf42a folded before Flop (didn't bet)
Seat 5: 8f12c968 folded before Flop (didn't bet)
Seat 6: Hero folded before Flop


Poker Hand #RC3133687189: Hold'em No Limit ($0.1/$0.25) - 2024/12/09 04:36:40
Table 'RushAndCash16003720' 6-max Seat #1 is the button
Seat 1: c847dfd ($28.98 in chips)
Seat 2: b6fd7029 ($77.31 in chips)
Seat 3: c23cc847 ($29.07 in chips)
Seat 4: 5d16fad9 ($30.02 in chips)
Seat 5: 6f06a808 ($31.37 in chips)
Seat 6: Hero ($25 in chips)
b6fd7029: posts small blind $0.1
c23cc847: posts big blind $0.25
*** HOLE CARDS ***
Dealt to c847dfd 
Dealt to b6fd7029 
Dealt to c23cc847 
Dealt to 5d16fad9 
Dealt to 6f06a808 
Dealt to Hero [4s 9h]
5d16fad9: folds
6f06a808: raises $0.25 to $0.5
Hero: folds
c847dfd: folds
b6fd7029: calls $0.4
c23cc847: folds
*** FLOP *** [Kh 5d 2h]
b6fd7029: checks
6f06a808: checks
*** TURN *** [Kh 5d 2h] [9d]
b6fd7029: checks
6f06a808: bets $0.5
b6fd7029: calls $0.5
*** RIVER *** [Kh 5d 2h 9d] [Jh]
b6fd7029: checks
6f06a808: checks
b6fd7029: shows [6c 9c] (Pair of Nines)
6f06a808: shows [Th Jc] (Pair of Jacks)
*** SHOWDOWN ***
6f06a808 collected $2.14 from pot
*** SUMMARY ***
Total pot $2.25 | Rake $0.11 | Jackpot $0 | Bingo $0 | Fortune $0 | Tax $0
Board [Kh 5d 2h 9d Jh]
Seat 1: c847dfd (button) folded before Flop (didn't bet)
Seat 2: b6fd7029 (small blind) showed [6c 9c] and lost with Pair of Nines
Seat 3: c23cc847 (big blind) folded before Flop
Seat 4: 5d16fad9 folded before Flop (didn't bet)
Seat 5: 6f06a808 showed [Th Jc] and won ($2.14) with Pair of Jacks
Seat 6: Hero folded before Flop (didn't bet)


Poker Hand #RC3133687170: Hold'em No Limit ($0.1/$0.25) - 2024/12/09 04:36:36
Table 'RushAndCash16003704' 6-max Seat #1 is the button
Seat 1: 6f06a808 ($31.37 in chips)
Seat 2: 9dd023ea ($28.4 in chips)
Seat 3: 66716c5d ($28.78 in chips)
Seat 4: 8cbf34b7 ($25 in chips)
Seat 5: Hero ($25 in chips)
Seat 6: b61ac804 ($29.02 in chips)
9dd023ea: posts small blind $0.1
66716c5d: posts big blind $0.25
*** HOLE CARDS ***
Dealt to 6f06a808 
Dealt to 9dd023ea 
Dealt to 66716c5d 
Dealt to 8cbf34b7 
Dealt to Hero [9h 8c]
Dealt to b61ac804 
8cbf34b7: folds
Hero: folds
b61ac804: raises $0.38 to $0.63
6f06a808: folds
9dd023ea: folds
66716c5d: folds
Uncalled bet ($0.38) returned to b61ac804
*** SHOWDOWN ***
b61ac804 collected $0.6 from pot
*** SUMMARY ***
Total pot $0.6 | Rake $0 | Jackpot $0 | Bingo $0 | Fortune $0 | Tax $0
Seat 1: 6f06a808 (button) folded before Flop (didn't bet)
Seat 2: 9dd023ea (small blind) folded before Flop
Seat 3: 66716c5d (big blind) folded before Flop
Seat 4: 8cbf34b7 folded before Flop (didn't bet)
Seat 5: Hero folded before Flop (didn't bet)
Seat 6: b61ac804 collected ($0.6)


Poker Hand #RC3133687133: Hold'em No Limit ($0.1/$0.25) - 2024/12/09 04:36:30
Table 'RushAndCash16003675' 6-max Seat #1 is the button
Seat 1: Hero ($25 in chips)
Seat 2: 828c1d4a ($33.62 in chips)
Seat 3: 145d268b ($25 in chips)
Seat 4: 2a11ca4f ($27.96 in chips)
Seat 5: 992072e8 ($32.76 in chips)
Seat 6: b7d8a233 ($25.09 in chips)
828c1d4a: posts small blind $0.1
145d268b: posts big blind $0.25
*** HOLE CARDS ***
Dealt to Hero [7s Ah]
Dealt to 828c1d4a 
Dealt to 145d268b 
Dealt to 2a11ca4f 
Dealt to 992072e8 
Dealt to b7d8a233 
2a11ca4f: folds
992072e8: folds
b7d8a233: raises $0.38 to $0.63
Hero: folds
828c1d4a: raises $1.14 to $1.77
145d268b: folds
b7d8a233: calls $1.14
*** FLOP *** [9s As 3c]
828c1d4a: bets $1.3
b7d8a233: calls $1.3
*** TURN *** [9s As 3c] [2d]
828c1d4a: bets $2.4
b7d8a233: folds
Uncalled bet ($2.4) returned to 828c1d4a
*** SHOWDOWN ***
828c1d4a collected $6.07 from pot
*** SUMMARY ***
Total pot $6.39 | Rake $0.32 | Jackpot $0 | Bingo $0 | Fortune $0 | Tax $0
Board [9s As 3c 2d]
Seat 1: Hero (button) folded before Flop (didn't bet)
Seat 2: 828c1d4a (small blind) won ($6.07)
Seat 3: 145d268b (big blind) folded before Flop
Seat 4: 2a11ca4f folded before Flop (didn't bet)
Seat 5: 992072e8 folded before Flop (didn't bet)
Seat 6: b7d8a233 folded on the Turn


Poker Hand #RC3133687098: Hold'em No Limit ($0.1/$0.25) - 2024/12/09 04:36:25
Table 'RushAndCash16003651' 6-max Seat #1 is the button
Seat 1: b864a48d ($16.81 in chips)
Seat 2: Hero ($25 in chips)
Seat 3: 361daca1 ($150.96 in chips)
Seat 4: 44b72640 ($50.12 in chips)
Seat 5: d61a8189 ($29.82 in chips)
Seat 6: c27e94d1 ($25 in chips)
Hero: posts small blind $0.1
361daca1: posts big blind $0.25
*** HOLE CARDS ***
Dealt to b864a48d 
Dealt to Hero [Ts 6d]
Dealt to 361daca1 
Dealt to 44b72640 
Dealt to d61a8189 
Dealt to c27e94d1 
44b72640: folds
d61a8189: folds
c27e94d1: folds
b864a48d: folds
Hero: folds
Uncalled bet ($0.15) returned to 361daca1
*** SHOWDOWN ***
361daca1 collected $0.2 from pot
*** SUMMARY ***
Total pot $0.2 | Rake $0 | Jackpot $0 | Bingo $0 | Fortune $0 | Tax $0
Seat 1: b864a48d (button) folded before Flop (didn't bet)
Seat 2: Hero (small blind) folded before Flop
Seat 3: 361daca1 (big blind) collected ($0.2)
Seat 4: 44b72640 folded before Flop (didn't bet)
Seat 5: d61a8189 folded before Flop (didn't bet)
Seat 6: c27e94d1 folded before Flop (didn't bet)


Poker Hand #RC3133687061: Hold'em No Limit ($0.1/$0.25) - 2024/12/09 04:36:19
Table 'RushAndCash16003626' 6-max Seat #1 is the button
Seat 1: 3bf21018 ($25 in chips)
Seat 2: 59d6c31f ($26.46 in chips)
Seat 3: Hero ($25.1 in chips)
Seat 4: 8921bacd ($54.03 in chips)
Seat 5: d661e42f ($139.4 in chips)
Seat 6: c2af0c2e ($27.15 in chips)
59d6c31f: posts small blind $0.1
Hero: posts big blind $0.25
*** HOLE CARDS ***
Dealt to 3bf21018 
Dealt to 59d6c31f 
Dealt to Hero [4d 9c]
Dealt to 8921bacd 
Dealt to d661e42f 
Dealt to c2af0c2e 
8921bacd: folds
d661e42f: folds
c2af0c2e: folds
3bf21018: raises $0.38 to $0.63
59d6c31f: folds
Hero: folds
Uncalled bet ($0.38) returned to 3bf21018
*** SHOWDOWN ***
3bf21018 collected $0.6 from pot
*** SUMMARY ***
Total pot $0.6 | Rake $0 | Jackpot $0 | Bingo $0 | Fortune $0 | Tax $0
Seat 1: 3bf21018 (button) collected ($0.6)
Seat 2: 59d6c31f (small blind) folded before Flop
Seat 3: Hero (big blind) folded before Flop
Seat 4: 8921bacd folded before Flop (didn't bet)
Seat 5: d661e42f folded before Flop (didn't bet)
Seat 6: c2af0c2e folded before Flop (didn't bet)


Poker Hand #RC3133687012: Hold'em No Limit ($0.1/$0.25) - 2024/12/09 04:36:11
Table 'RushAndCash16003590' 6-max Seat #1 is the button
Seat 1: 8921bacd ($54.03 in chips)
Seat 2: 83a6d6b2 ($57.17 in chips)
Seat 3: 9041ee2a ($28.45 in chips)
Seat 4: ba221ad4 ($28.11 in chips)
Seat 5: Hero ($25.1 in chips)
Seat 6: 8b5a481 ($54.07 in chips)
83a6d6b2: posts small blind $0.1
9041ee2a: posts big blind $0.25
*** HOLE CARDS ***
Dealt to 8921bacd 
Dealt to 83a6d6b2 
Dealt to 9041ee2a 
Dealt to ba221ad4 
Dealt to Hero [Kc Qs]
Dealt to 8b5a481 
ba221ad4: raises $0.3 to $0.55
Hero: folds
8b5a481: raises $1.09 to $1.64
8921bacd: folds
83a6d6b2: folds
9041ee2a: folds
ba221ad4: calls $1.09
*** FLOP *** [3c 5s 2s]
ba221ad4: checks
8b5a481: bets $2.73
ba221ad4: folds
Uncalled bet ($2.73) returned to 8b5a481
*** SHOWDOWN ***
8b5a481 collected $3.45 from pot
*** SUMMARY ***
Total pot $3.63 | Rake $0.18 | Jackpot $0 | Bingo $0 | Fortune $0 | Tax $0
Board [3c 5s 2s]
Seat 1: 8921bacd (button) folded before Flop (didn't bet)
Seat 2: 83a6d6b2 (small blind) folded before Flop
Seat 3: 9041ee2a (big blind) folded before Flop
Seat 4: ba221ad4 folded on the Flop
Seat 5: Hero folded before Flop (didn't bet)
Seat 6: 8b5a481 won ($3.45)


Poker Hand #RC3133686990: Hold'em No Limit ($0.1/$0.25) - 2024/12/09 04:36:07
Table 'RushAndCash16003573' 6-max Seat #1 is the button
Seat 1: a1973403 ($45.53 in chips)
Seat 2: 7ad2e335 ($39.57 in chips)
Seat 3: 4d97250 ($25 in chips)
Seat 4: Hero ($25.1 in chips)
Seat 5: 9c1249dd ($21.83 in chips)
Seat 6: 9041ee2a ($28.45 in chips)
7ad2e335: posts small blind $0.1
4d97250: posts big blind $0.25
*** HOLE CARDS ***
Dealt to a1973403 
Dealt to 7ad2e335 
Dealt to 4d97250 
Dealt to Hero [Js 5h]
Dealt to 9c1249dd 
Dealt to 9041ee2a 
Hero: folds
9c1249dd: folds
9041ee2a: folds
a1973403: folds
7ad2e335: folds
Uncalled bet ($0.15) returned to 4d97250
*** SHOWDOWN ***
4d97250 collected $0.2 from pot
*** SUMMARY ***
Total pot $0.2 | Rake $0 | Jackpot $0 | Bingo $0 | Fortune $0 | Tax $0
Seat 1: a1973403 (button) folded before Flop (didn't bet)
Seat 2: 7ad2e335 (small blind) folded before Flop
Seat 3: 4d97250 (big blind) collected ($0.2)
Seat 4: Hero folded before Flop (didn't bet)
Seat 5: 9c1249dd folded before Flop (didn't bet)
Seat 6: 9041ee2a folded before Flop (didn't bet)


Poker Hand #RC3133686970: Hold'em No Limit ($0.1/$0.25) - 2024/12/09 04:36:04
Table 'RushAndCash16003558' 6-max Seat #1 is the button
Seat 1: 12fbd951 ($30.25 in chips)
Seat 2: 1f083042 ($30.55 in chips)
Seat 3: 6f06a808 ($30.78 in chips)
Seat 4: b61ac804 ($29.57 in chips)
Seat 5: 5e5cbf2b ($18.38 in chips)
Seat 6: Hero ($25.1 in chips)
1f083042: posts small blind $0.1
6f06a808: posts big blind $0.25
*** HOLE CARDS ***
Dealt to 12fbd951 
Dealt to 1f083042 
Dealt to 6f06a808 
Dealt to b61ac804 
Dealt to 5e5cbf2b 
Dealt to Hero [6d Qs]
b61ac804: raises $0.3 to $0.55
5e5cbf2b: folds
Hero: folds
12fbd951: folds
1f083042: folds
6f06a808: calls $0.3
*** FLOP *** [2d 7h 5d]
6f06a808: checks
b61ac804: checks
*** TURN *** [2d 7h 5d] [Td]
6f06a808: checks
b61ac804: checks
*** RIVER *** [2d 7h 5d Td] [Jd]
6f06a808: bets $0.25
b61ac804: folds
Uncalled bet ($0.25) returned to 6f06a808
*** SHOWDOWN ***
6f06a808 collected $1.14 from pot
*** SUMMARY ***
Total pot $1.2 | Rake $0.06 | Jackpot $0 | Bingo $0 | Fortune $0 | Tax $0
Board [2d 7h 5d Td Jd]
Seat 1: 12fbd951 (button) folded before Flop (didn't bet)
Seat 2: 1f083042 (small blind) folded before Flop
Seat 3: 6f06a808 (big blind) won ($1.14)
Seat 4: b61ac804 folded on the River
Seat 5: 5e5cbf2b folded before Flop (didn't bet)
Seat 6: Hero folded before Flop (didn't bet)


Poker Hand #RC3133686949: Hold'em No Limit ($0.1/$0.25) - 2024/12/09 04:36:00
Table 'RushAndCash16003543' 6-max Seat #1 is the button
Seat 1: 2ff42193 ($19.18 in chips)
Seat 2: 402a4a73 ($29.76 in chips)
Seat 3: 6da8b79e ($21.43 in chips)
Seat 4: 96a54d66 ($32.64 in chips)
Seat 5: 7c8ae5b7 ($34.19 in chips)
Seat 6: Hero ($25.1 in chips)
402a4a73: posts small blind $0.1
6da8b79e: posts big blind $0.25
*** HOLE CARDS ***
Dealt to 2ff42193 
Dealt to 402a4a73 
Dealt to 6da8b79e 
Dealt to 96a54d66 
Dealt to 7c8ae5b7 
Dealt to Hero [7d 2h]
96a54d66: folds
7c8ae5b7: folds
Hero: folds
2ff42193: folds
402a4a73: folds
Uncalled bet ($0.15) returned to 6da8b79e
*** SHOWDOWN ***
6da8b79e collected $0.2 from pot
*** SUMMARY ***
Total pot $0.2 | Rake $0 | Jackpot $0 | Bingo $0 | Fortune $0 | Tax $0
Seat 1: 2ff42193 (button) folded before Flop (didn't bet)
Seat 2: 402a4a73 (small blind) folded before Flop
Seat 3: 6da8b79e (big blind) collected ($0.2)
Seat 4: 96a54d66 folded before Flop (didn't bet)
Seat 5: 7c8ae5b7 folded before Flop (didn't bet)
Seat 6: Hero folded before Flop (didn't bet)


Poker Hand #RC3133686927: Hold'em No Limit ($0.1/$0.25) - 2024/12/09 04:35:56
Table 'RushAndCash16003527' 6-max Seat #1 is the button
Seat 1: Hero ($25.1 in chips)
Seat 2: 39114afa ($14.69 in chips)
Seat 3: 402a4a73 ($30.01 in chips)
Seat 4: 828c1d4a ($34.22 in chips)
Seat 5: 4cd558cb ($36.69 in chips)
Seat 6: 8c9f4cf2 ($26.66 in chips)
39114afa: posts small blind $0.1
402a4a73: posts big blind $0.25
*** HOLE CARDS ***
Dealt to Hero [2s Tc]
Dealt to 39114afa 
Dealt to 402a4a73 
Dealt to 828c1d4a 
Dealt to 4cd558cb 
Dealt to 8c9f4cf2 
828c1d4a: folds
4cd558cb: raises $0.25 to $0.5
8c9f4cf2: folds
Hero: folds
39114afa: folds
402a4a73: folds
Uncalled bet ($0.25) returned to 4cd558cb
*** SHOWDOWN ***
4cd558cb collected $0.6 from pot
*** SUMMARY ***
Total pot $0.6 | Rake $0 | Jackpot $0 | Bingo $0 | Fortune $0 | Tax $0
Seat 1: Hero (button) folded before Flop (didn't bet)
Seat 2: 39114afa (small blind) folded before Flop
Seat 3: 402a4a73 (big blind) folded before Flop
Seat 4: 828c1d4a folded before Flop (didn't bet)
Seat 5: 4cd558cb collected ($0.6)
Seat 6: 8c9f4cf2 folded before Flop (didn't bet)


Poker Hand #RC3133686861: Hold'em No Limit ($0.1/$0.25) - 2024/12/09 04:35:45
Table 'RushAndCash16003481' 6-max Seat #1 is the button
Seat 1: 8c88931 ($27.53 in chips)
Seat 2: 50a74f5c ($31.25 in chips)
Seat 3: Hero ($25 in chips)
Seat 4: 8921bacd ($54.13 in chips)
Seat 5: 2f1399be ($30.31 in chips)
Seat 6: 38fa097c ($49.11 in chips)
50a74f5c: posts small blind $0.1
Hero: posts big blind $0.25
*** HOLE CARDS ***
Dealt to 8c88931 
Dealt to 50a74f5c 
Dealt to Hero [Tc Qs]
Dealt to 8921bacd 
Dealt to 2f1399be 
Dealt to 38fa097c 
8921bacd: folds
2f1399be: folds
38fa097c: folds
8c88931: folds
50a74f5c: folds
Uncalled bet ($0.15) returned to Hero
*** SHOWDOWN ***
Hero collected $0.2 from pot
*** SUMMARY ***
Total pot $0.2 | Rake $0 | Jackpot $0 | Bingo $0 | Fortune $0 | Tax $0
Seat 1: 8c88931 (button) folded before Flop (didn't bet)
Seat 2: 50a74f5c (small blind) folded before Flop
Seat 3: Hero (big blind) collected ($0.2)
Seat 4: 8921bacd folded before Flop (didn't bet)
Seat 5: 2f1399be folded before Flop (didn't bet)
Seat 6: 38fa097c folded before Flop (didn't bet)


Poker Hand #RC3133686842: Hold'em No Limit ($0.1/$0.25) - 2024/12/09 04:35:41
Table 'RushAndCash16003468' 6-max Seat #1 is the button
Seat 1: 566ac5a1 ($23.95 in chips)
Seat 2: Hero ($25 in chips)
Seat 3: dd5d3a3 ($93.87 in chips)
Seat 4: c23cc847 ($27.46 in chips)
Seat 5: d1156143 ($25.08 in chips)
Seat 6: c33033ec ($25 in chips)
Hero: posts small blind $0.1
dd5d3a3: posts big blind $0.25
*** HOLE CARDS ***
Dealt to 566ac5a1 
Dealt to Hero [7c Js]
Dealt to dd5d3a3 
Dealt to c23cc847 
Dealt to d1156143 
Dealt to c33033ec 
c23cc847: raises $0.3 to $0.55
d1156143: folds
c33033ec: calls $0.55
566ac5a1: folds
Hero: folds
dd5d3a3: folds
*** FLOP *** [Td 9h 7s]
c23cc847: checks
c33033ec: bets $0.87
c23cc847: calls $0.87
*** TURN *** [Td 9h 7s] [Tc]
c23cc847: checks
c33033ec: checks
*** RIVER *** [Td 9h 7s Tc] [3h]
c23cc847: bets $3.2
c33033ec: folds
Uncalled bet ($3.2) returned to c23cc847
*** SHOWDOWN ***
c23cc847 collected $3.03 from pot
*** SUMMARY ***
Total pot $3.19 | Rake $0.16 | Jackpot $0 | Bingo $0 | Fortune $0 | Tax $0
Board [Td 9h 7s Tc 3h]
Seat 1: 566ac5a1 (button) folded before Flop (didn't bet)
Seat 2: Hero (small blind) folded before Flop
Seat 3: dd5d3a3 (big blind) folded before Flop
Seat 4: c23cc847 won ($3.03)
Seat 5: d1156143 folded before Flop (didn't bet)
Seat 6: c33033ec folded on the River


Poker Hand #RC3133686825: Hold'em No Limit ($0.1/$0.25) - 2024/12/09 04:35:38
Table 'RushAndCash16003455' 6-max Seat #1 is the button
Seat 1: b579a447 ($25 in chips)
Seat 2: ba221ad4 ($27.86 in chips)
Seat 3: 8585b596 ($40.6 in chips)
Seat 4: c33033ec ($25 in chips)
Seat 5: Hero ($25 in chips)
Seat 6: d9231bc9 ($26.22 in chips)
ba221ad4: posts small blind $0.1
8585b596: posts big blind $0.25
*** HOLE CARDS ***
Dealt to b579a447 
Dealt to ba221ad4 
Dealt to 8585b596 
Dealt to c33033ec 
Dealt to Hero [5d Kc]
Dealt to d9231bc9 
c33033ec: folds
Hero: folds
d9231bc9: folds
b579a447: folds
ba221ad4: raises $0.3 to $0.55
8585b596: calls $0.3
*** FLOP *** [Qs Js 4d]
ba221ad4: bets $0.55
8585b596: folds
Uncalled bet ($0.55) returned to ba221ad4
*** SHOWDOWN ***
ba221ad4 collected $1.05 from pot
*** SUMMARY ***
Total pot $1.1 | Rake $0.05 | Jackpot $0 | Bingo $0 | Fortune $0 | Tax $0
Board [Qs Js 4d]
Seat 1: b579a447 (button) folded before Flop (didn't bet)
Seat 2: ba221ad4 (small blind) won ($1.05)
Seat 3: 8585b596 (big blind) folded on the Flop
Seat 4: c33033ec folded before Flop (didn't bet)
Seat 5: Hero folded before Flop (didn't bet)
Seat 6: d9231bc9 folded before Flop (didn't bet)


Poker Hand #RC3133686766: Hold'em No Limit ($0.1/$0.25) - 2024/12/09 04:35:27
Table 'RushAndCash16003414' 6-max Seat #1 is the button
Seat 1: 53e4adab ($84.64 in chips)
Seat 2: 8520512d ($29.51 in chips)
Seat 3: 95a405f6 ($20.59 in chips)
Seat 4: Hero ($25 in chips)
Seat 5: 4f71f4e0 ($25.35 in chips)
Seat 6: c755ee91 ($29.5 in chips)
8520512d: posts small blind $0.1
95a405f6: posts big blind $0.25
*** HOLE CARDS ***
Dealt to 53e4adab 
Dealt to 8520512d 
Dealt to 95a405f6 
Dealt to Hero [Td 9d]
Dealt to 4f71f4e0 
Dealt to c755ee91 
Hero: raises $0.28 to $0.53
4f71f4e0: raises $1.06 to $1.59
c755ee91: folds
53e4adab: folds
8520512d: folds
95a405f6: folds
Hero: folds
Uncalled bet ($1.06) returned to 4f71f4e0
*** SHOWDOWN ***
4f71f4e0 collected $1.34 from pot
*** SUMMARY ***
Total pot $1.41 | Rake $0.07 | Jackpot $0 | Bingo $0 | Fortune $0 | Tax $0
Seat 1: 53e4adab (button) folded before Flop (didn't bet)
Seat 2: 8520512d (small blind) folded before Flop
Seat 3: 95a405f6 (big blind) folded before Flop
Seat 4: Hero folded before Flop
Seat 5: 4f71f4e0 collected ($1.34)
Seat 6: c755ee91 folded before Flop (didn't bet)


Poker Hand #RC3133686546: Hold'em No Limit ($0.1/$0.25) - 2024/12/09 04:34:51
Table 'RushAndCash16003263' 6-max Seat #1 is the button
Seat 1: dd46c6b4 ($77.41 in chips)
Seat 2: d09557e2 ($37.53 in chips)
Seat 3: 91babd2d ($72.34 in chips)
Seat 4: 2e364ba4 ($25.35 in chips)
Seat 5: Hero ($25 in chips)
Seat 6: d044cf1d ($36.21 in chips)
d09557e2: posts small blind $0.1
91babd2d: posts big blind $0.25
*** HOLE CARDS ***
Dealt to dd46c6b4 
Dealt to d09557e2 
Dealt to 91babd2d 
Dealt to 2e364ba4 
Dealt to Hero [Kh Qd]
Dealt to d044cf1d 
2e364ba4: folds
Hero: raises $0.28 to $0.53
d044cf1d: raises $1.17 to $1.7
dd46c6b4: folds
d09557e2: folds
91babd2d: folds
Hero: folds
Uncalled bet ($1.17) returned to d044cf1d
*** SHOWDOWN ***
d044cf1d collected $1.34 from pot
*** SUMMARY ***
Total pot $1.41 | Rake $0.07 | Jackpot $0 | Bingo $0 | Fortune $0 | Tax $0
Seat 1: dd46c6b4 (button) folded before Flop (didn't bet)
Seat 2: d09557e2 (small blind) folded before Flop
Seat 3: 91babd2d (big blind) folded before Flop
Seat 4: 2e364ba4 folded before Flop (didn't bet)
Seat 5: Hero folded before Flop
Seat 6: d044cf1d collected ($1.34)


Poker Hand #RC3133686528: Hold'em No Limit ($0.1/$0.25) - 2024/12/09 04:34:48
Table 'RushAndCash16003249' 6-max Seat #1 is the button
Seat 1: Hero ($25 in chips)
Seat 2: 9c1249dd ($21.48 in chips)
Seat 3: dd46c6b4 ($77.66 in chips)
Seat 4: 66716c5d ($30.48 in chips)
Seat 5: 867a045e ($26.85 in chips)
Seat 6: d61a8189 ($25.69 in chips)
9c1249dd: posts small blind $0.1
dd46c6b4: posts big blind $0.25
*** HOLE CARDS ***
Dealt to Hero [6c Jh]
Dealt to 9c1249dd 
Dealt to dd46c6b4 
Dealt to 66716c5d 
Dealt to 867a045e 
Dealt to d61a8189 
66716c5d: raises $0.28 to $0.53
867a045e: folds
d61a8189: folds
Hero: folds
9c1249dd: folds
dd46c6b4: folds
Uncalled bet ($0.28) returned to 66716c5d
*** SHOWDOWN ***
66716c5d collected $0.6 from pot
*** SUMMARY ***
Total pot $0.6 | Rake $0 | Jackpot $0 | Bingo $0 | Fortune $0 | Tax $0
Seat 1: Hero (button) folded before Flop (didn't bet)
Seat 2: 9c1249dd (small blind) folded before Flop
Seat 3: dd46c6b4 (big blind) folded before Flop
Seat 4: 66716c5d collected ($0.6)
Seat 5: 867a045e folded before Flop (didn't bet)
Seat 6: d61a8189 folded before Flop (didn't bet)


Poker Hand #RC3133686224: Hold'em No Limit ($0.1/$0.25) - 2024/12/09 04:33:51
Table 'RushAndCash16003032' 6-max Seat #1 is the button
Seat 1: 32f7e01f ($79.67 in chips)
Seat 2: Hero ($25 in chips)
Seat 3: d09557e2 ($38.03 in chips)
Seat 4: a7926774 ($26.54 in chips)
Seat 5: 6c4aa5ec ($31.59 in chips)
Seat 6: 910f4917 ($24.45 in chips)
Hero: posts small blind $0.1
d09557e2: posts big blind $0.25
*** HOLE CARDS ***
Dealt to 32f7e01f 
Dealt to Hero [2c 6s]
Dealt to d09557e2 
Dealt to a7926774 
Dealt to 6c4aa5ec 
Dealt to 910f4917 
a7926774: folds
6c4aa5ec: folds
910f4917: raises $0.33 to $0.58
32f7e01f: folds
Hero: folds
d09557e2: folds
Uncalled bet ($0.33) returned to 910f4917
*** SHOWDOWN ***
910f4917 collected $0.6 from pot
*** SUMMARY ***
Total pot $0.6 | Rake $0 | Jackpot $0 | Bingo $0 | Fortune $0 | Tax $0
Seat 1: 32f7e01f (button) folded before Flop (didn't bet)
Seat 2: Hero (small blind) folded before Flop
Seat 3: d09557e2 (big blind) folded before Flop
Seat 4: a7926774 folded before Flop (didn't bet)
Seat 5: 6c4aa5ec folded before Flop (didn't bet)
Seat 6: 910f4917 collected ($0.6)


Poker Hand #RC3133686178: Hold'em No Limit ($0.1/$0.25) - 2024/12/09 04:33:42
Table 'RushAndCash16002998' 6-max Seat #1 is the button
Seat 1: 9dd023ea ($27.43 in chips)
Seat 2: d9231bc9 ($26.22 in chips)
Seat 3: Hero ($25 in chips)
Seat 4: 4ffd39ea ($45.39 in chips)
Seat 5: 161cc79 ($125.18 in chips)
Seat 6: c33033ec ($25.35 in chips)
d9231bc9: posts small blind $0.1
Hero: posts big blind $0.25
*** HOLE CARDS ***
Dealt to 9dd023ea 
Dealt to d9231bc9 
Dealt to Hero [Ad 6s]
Dealt to 4ffd39ea 
Dealt to 161cc79 
Dealt to c33033ec 
4ffd39ea: folds
161cc79: folds
c33033ec: folds
9dd023ea: raises $0.25 to $0.5
d9231bc9: folds
Hero: folds
Uncalled bet ($0.25) returned to 9dd023ea
*** SHOWDOWN ***
9dd023ea collected $0.6 from pot
*** SUMMARY ***
Total pot $0.6 | Rake $0 | Jackpot $0 | Bingo $0 | Fortune $0 | Tax $0
Seat 1: 9dd023ea (button) collected ($0.6)
Seat 2: d9231bc9 (small blind) folded before Flop
Seat 3: Hero (big blind) folded before Flop
Seat 4: 4ffd39ea folded before Flop (didn't bet)
Seat 5: 161cc79 folded before Flop (didn't bet)
Seat 6: c33033ec folded before Flop (didn't bet)


