Poker Hand #RC3064931223: Hold'em No Limit ($0.1/$0.25) - 2024/11/13 23:52:58
Table 'RushAndCash5554356' 6-max Seat #1 is the button
Seat 1: Hero ($34.99 in chips)
Seat 2: 97d35803 ($25 in chips)
Seat 3: 273230cb ($49.2 in chips)
Seat 4: 52ece0f ($175.31 in chips)
Seat 5: 5f4cbb59 ($39.19 in chips)
Seat 6: 51d15a39 ($31.02 in chips)
97d35803: posts small blind $0.1
273230cb: posts big blind $0.25
*** HOLE CARDS ***
Dealt to Hero [6s Jc]
Dealt to 97d35803 
Dealt to 273230cb 
Dealt to 52ece0f 
Dealt to 5f4cbb59 
Dealt to 51d15a39 
52ece0f: raises $0.25 to $0.5
5f4cbb59: folds
51d15a39: folds
Hero: folds
97d35803: folds
273230cb: folds
Uncalled bet ($0.25) returned to 52ece0f
*** SHOWDOWN ***
52ece0f collected $0.6 from pot
*** SUMMARY ***
Total pot $0.6 | Rake $0 | Jackpot $0 | Bingo $0 | Fortune $0 | Tax $0
Seat 1: Hero (button) folded before Flop (didn't bet)
Seat 2: 97d35803 (small blind) folded before Flop
Seat 3: 273230cb (big blind) folded before Flop
Seat 4: 52ece0f collected ($0.6)
Seat 5: 5f4cbb59 folded before Flop (didn't bet)
Seat 6: 51d15a39 folded before Flop (didn't bet)


Poker Hand #RC3064931177: Hold'em No Limit ($0.1/$0.25) - 2024/11/13 23:52:48
Table 'RushAndCash5554323' 6-max Seat #1 is the button
Seat 1: Hero ($34.99 in chips)
Seat 2: 59a81815 ($41.39 in chips)
Seat 3: 51d15a39 ($31.27 in chips)
Seat 4: 435ef5cf ($36.73 in chips)
Seat 5: ea43146b ($27.03 in chips)
Seat 6: c60383b1 ($25.95 in chips)
59a81815: posts small blind $0.1
51d15a39: posts big blind $0.25
*** HOLE CARDS ***
Dealt to Hero [6d Qs]
Dealt to 59a81815 
Dealt to 51d15a39 
Dealt to 435ef5cf 
Dealt to ea43146b 
Dealt to c60383b1 
435ef5cf: folds
ea43146b: raises $0.25 to $0.5
c60383b1: folds
Hero: folds
59a81815: folds
51d15a39: folds
Uncalled bet ($0.25) returned to ea43146b
*** SHOWDOWN ***
ea43146b collected $0.6 from pot
*** SUMMARY ***
Total pot $0.6 | Rake $0 | Jackpot $0 | Bingo $0 | Fortune $0 | Tax $0
Seat 1: Hero (button) folded before Flop (didn't bet)
Seat 2: 59a81815 (small blind) folded before Flop
Seat 3: 51d15a39 (big blind) folded before Flop
Seat 4: 435ef5cf folded before Flop (didn't bet)
Seat 5: ea43146b collected ($0.6)
Seat 6: c60383b1 folded before Flop (didn't bet)


Poker Hand #RC3064931165: Hold'em No Limit ($0.1/$0.25) - 2024/11/13 23:52:44
Table 'RushAndCash5554315' 6-max Seat #1 is the button
Seat 1: Hero ($34.99 in chips)
Seat 2: 849aa806 ($60.73 in chips)
Seat 3: 305358c7 ($67.58 in chips)
Seat 4: a029f8ec ($25.23 in chips)
Seat 5: dac10c7e ($40.31 in chips)
Seat 6: 1886b620 ($28.56 in chips)
849aa806: posts small blind $0.1
305358c7: posts big blind $0.25
*** HOLE CARDS ***
Dealt to Hero [2d 7h]
Dealt to 849aa806 
Dealt to 305358c7 
Dealt to a029f8ec 
Dealt to dac10c7e 
Dealt to 1886b620 
a029f8ec: folds
dac10c7e: raises $0.25 to $0.5
1886b620: folds
Hero: folds
849aa806: folds
305358c7: folds
Uncalled bet ($0.25) returned to dac10c7e
*** SHOWDOWN ***
dac10c7e collected $0.6 from pot
*** SUMMARY ***
Total pot $0.6 | Rake $0 | Jackpot $0 | Bingo $0 | Fortune $0 | Tax $0
Seat 1: Hero (button) folded before Flop (didn't bet)
Seat 2: 849aa806 (small blind) folded before Flop
Seat 3: 305358c7 (big blind) folded before Flop
Seat 4: a029f8ec folded before Flop (didn't bet)
Seat 5: dac10c7e collected ($0.6)
Seat 6: 1886b620 folded before Flop (didn't bet)


Poker Hand #RC3064931150: Hold'em No Limit ($0.1/$0.25) - 2024/11/13 23:52:41
Table 'RushAndCash5554304' 6-max Seat #1 is the button
Seat 1: d688ce88 ($30.79 in chips)
Seat 2: Hero ($35.09 in chips)
Seat 3: 44a58481 ($18.97 in chips)
Seat 4: a029f8ec ($25.23 in chips)
Seat 5: 77c73963 ($18.92 in chips)
Seat 6: 4908014f ($12.43 in chips)
Hero: posts small blind $0.1
44a58481: posts big blind $0.25
*** HOLE CARDS ***
Dealt to d688ce88 
Dealt to Hero [3d 9s]
Dealt to 44a58481 
Dealt to a029f8ec 
Dealt to 77c73963 
Dealt to 4908014f 
a029f8ec: folds
77c73963: folds
4908014f: raises $0.25 to $0.5
d688ce88: folds
Hero: folds
44a58481: folds
Uncalled bet ($0.25) returned to 4908014f
*** SHOWDOWN ***
4908014f collected $0.6 from pot
*** SUMMARY ***
Total pot $0.6 | Rake $0 | Jackpot $0 | Bingo $0 | Fortune $0 | Tax $0
Seat 1: d688ce88 (button) folded before Flop (didn't bet)
Seat 2: Hero (small blind) folded before Flop
Seat 3: 44a58481 (big blind) folded before Flop
Seat 4: a029f8ec folded before Flop (didn't bet)
Seat 5: 77c73963 folded before Flop (didn't bet)
Seat 6: 4908014f collected ($0.6)


Poker Hand #RC3064931123: Hold'em No Limit ($0.1/$0.25) - 2024/11/13 23:52:34
Table 'RushAndCash5554285' 6-max Seat #1 is the button
Seat 1: 3d8be5b7 ($28.22 in chips)
Seat 2: 4a8cd521 ($27.03 in chips)
Seat 3: 24aac9b2 ($76.84 in chips)
Seat 4: ac92fed4 ($71.85 in chips)
Seat 5: 1a3b801f ($26.22 in chips)
Seat 6: Hero ($35.09 in chips)
4a8cd521: posts small blind $0.1
24aac9b2: posts big blind $0.25
*** HOLE CARDS ***
Dealt to 3d8be5b7 
Dealt to 4a8cd521 
Dealt to 24aac9b2 
Dealt to ac92fed4 
Dealt to 1a3b801f 
Dealt to Hero [4c Kc]
ac92fed4: folds
1a3b801f: raises $0.25 to $0.5
Hero: folds
3d8be5b7: folds
4a8cd521: folds
24aac9b2: folds
Uncalled bet ($0.25) returned to 1a3b801f
*** SHOWDOWN ***
1a3b801f collected $0.6 from pot
*** SUMMARY ***
Total pot $0.6 | Rake $0 | Jackpot $0 | Bingo $0 | Fortune $0 | Tax $0
Seat 1: 3d8be5b7 (button) folded before Flop (didn't bet)
Seat 2: 4a8cd521 (small blind) folded before Flop
Seat 3: 24aac9b2 (big blind) folded before Flop
Seat 4: ac92fed4 folded before Flop (didn't bet)
Seat 5: 1a3b801f collected ($0.6)
Seat 6: Hero folded before Flop (didn't bet)


Poker Hand #RC3064931109: Hold'em No Limit ($0.1/$0.25) - 2024/11/13 23:52:31
Table 'RushAndCash5554275' 6-max Seat #1 is the button
Seat 1: 187d3e46 ($25 in chips)
Seat 2: a57750b ($74.53 in chips)
Seat 3: 6a517490 ($30.74 in chips)
Seat 4: d4bbc68 ($30.43 in chips)
Seat 5: Hero ($35.09 in chips)
Seat 6: 5f4cbb59 ($39.44 in chips)
a57750b: posts small blind $0.1
6a517490: posts big blind $0.25
*** HOLE CARDS ***
Dealt to 187d3e46 
Dealt to a57750b 
Dealt to 6a517490 
Dealt to d4bbc68 
Dealt to Hero [6s 3c]
Dealt to 5f4cbb59 
d4bbc68: raises $0.25 to $0.5
Hero: folds
5f4cbb59: folds
187d3e46: folds
a57750b: folds
6a517490: raises $1.65 to $2.15
d4bbc68: folds
Uncalled bet ($1.65) returned to 6a517490
*** SHOWDOWN ***
6a517490 collected $1.05 from pot
*** SUMMARY ***
Total pot $1.1 | Rake $0.05 | Jackpot $0 | Bingo $0 | Fortune $0 | Tax $0
Seat 1: 187d3e46 (button) folded before Flop (didn't bet)
Seat 2: a57750b (small blind) folded before Flop
Seat 3: 6a517490 (big blind) collected ($1.05)
Seat 4: d4bbc68 folded before Flop
Seat 5: Hero folded before Flop (didn't bet)
Seat 6: 5f4cbb59 folded before Flop (didn't bet)


Poker Hand #RC3064931070: Hold'em No Limit ($0.1/$0.25) - 2024/11/13 23:52:23
Table 'RushAndCash5554246' 6-max Seat #1 is the button
Seat 1: 44a58481 ($19.07 in chips)
Seat 2: 6f7a0ed0 ($25.91 in chips)
Seat 3: Hero ($35.34 in chips)
Seat 4: 30d4b9eb ($28.83 in chips)
Seat 5: 350d1a39 ($10 in chips)
Seat 6: 6a517490 ($30.74 in chips)
6f7a0ed0: posts small blind $0.1
Hero: posts big blind $0.25
*** HOLE CARDS ***
Dealt to 44a58481 
Dealt to 6f7a0ed0 
Dealt to Hero [4s Ad]
Dealt to 30d4b9eb 
Dealt to 350d1a39 
Dealt to 6a517490 
30d4b9eb: raises $0.3 to $0.55
350d1a39: calls $0.55
6a517490: folds
44a58481: folds
6f7a0ed0: folds
Hero: folds
*** FLOP *** [8s 8h 4d]
30d4b9eb: checks
350d1a39: checks
*** TURN *** [8s 8h 4d] [5d]
30d4b9eb: checks
350d1a39: checks
*** RIVER *** [8s 8h 4d 5d] [Kh]
30d4b9eb: checks
350d1a39: bets $0.73
30d4b9eb: calls $0.73
350d1a39: shows [Qs Jc] (Pair of Eights)
30d4b9eb: shows [Ks Js] (Pair of Kings and Pair of Eights)
*** SHOWDOWN ***
30d4b9eb collected $2.77 from pot
*** SUMMARY ***
Total pot $2.91 | Rake $0.14 | Jackpot $0 | Bingo $0 | Fortune $0 | Tax $0
Board [8s 8h 4d 5d Kh]
Seat 1: 44a58481 (button) folded before Flop (didn't bet)
Seat 2: 6f7a0ed0 (small blind) folded before Flop
Seat 3: Hero (big blind) folded before Flop
Seat 4: 30d4b9eb showed [Ks Js] and won ($2.77) with Pair of Kings and Pair of Eights
Seat 5: 350d1a39 showed [Qs Jc] and lost with Pair of Eights
Seat 6: 6a517490 folded before Flop (didn't bet)


Poker Hand #RC3064931054: Hold'em No Limit ($0.1/$0.25) - 2024/11/13 23:52:19
Table 'RushAndCash5554234' 6-max Seat #1 is the button
Seat 1: 367b17c5 ($17.89 in chips)
Seat 2: 44a58481 ($19.17 in chips)
Seat 3: 9f09b682 ($172.06 in chips)
Seat 4: b104b327 ($51.01 in chips)
Seat 5: Hero ($35.34 in chips)
Seat 6: 708ccd29 ($16.95 in chips)
44a58481: posts small blind $0.1
9f09b682: posts big blind $0.25
*** HOLE CARDS ***
Dealt to 367b17c5 
Dealt to 44a58481 
Dealt to 9f09b682 
Dealt to b104b327 
Dealt to Hero [5h Qh]
Dealt to 708ccd29 
b104b327: raises $0.25 to $0.5
Hero: folds
708ccd29: folds
367b17c5: folds
44a58481: folds
9f09b682: folds
Uncalled bet ($0.25) returned to b104b327
*** SHOWDOWN ***
b104b327 collected $0.6 from pot
*** SUMMARY ***
Total pot $0.6 | Rake $0 | Jackpot $0 | Bingo $0 | Fortune $0 | Tax $0
Seat 1: 367b17c5 (button) folded before Flop (didn't bet)
Seat 2: 44a58481 (small blind) folded before Flop
Seat 3: 9f09b682 (big blind) folded before Flop
Seat 4: b104b327 collected ($0.6)
Seat 5: Hero folded before Flop (didn't bet)
Seat 6: 708ccd29 folded before Flop (didn't bet)


Poker Hand #RC3064930540: Hold'em No Limit ($0.1/$0.25) - 2024/11/13 23:50:24
Table 'RushAndCash5553891' 6-max Seat #1 is the button
Seat 1: b104b327 ($25.89 in chips)
Seat 2: 5013300e ($36.39 in chips)
Seat 3: 4b931a7f ($46.25 in chips)
Seat 4: fea29dcd ($27.61 in chips)
Seat 5: 2043c499 ($29.09 in chips)
Seat 6: Hero ($61.23 in chips)
5013300e: posts small blind $0.1
4b931a7f: posts big blind $0.25
*** HOLE CARDS ***
Dealt to b104b327 
Dealt to 5013300e 
Dealt to 4b931a7f 
Dealt to fea29dcd 
Dealt to 2043c499 
Dealt to Hero [Ah Qh]
fea29dcd: folds
2043c499: folds
Hero: raises $0.38 to $0.63
b104b327: raises $1.27 to $1.9
5013300e: folds
4b931a7f: folds
Hero: calls $1.27
*** FLOP *** [9s 2h 2s]
Hero: checks
b104b327: checks
*** TURN *** [9s 2h 2s] [Ts]
Hero: checks
b104b327: bets $1.37
Hero: calls $1.37
*** RIVER *** [9s 2h 2s Ts] [Tc]
Hero: checks
b104b327: bets $5.17
Hero: raises $52.79 to $57.96 and is all-in
b104b327: calls $17.45 and is all-in
Uncalled bet ($35.34) returned to Hero
Hero: shows [Ah Qh] (Pair of Tens and Pair of Twos)
b104b327: shows [Kh Ks] (Pair of Kings and Pair of Tens)
*** SHOWDOWN ***
b104b327 collected $51.01 from pot
*** SUMMARY ***
Total pot $52.13 | Rake $0.75 | Jackpot $0.37 | Bingo $0 | Fortune $0 | Tax $0
Board [9s 2h 2s Ts Tc]
Seat 1: b104b327 (button) showed [Kh Ks] and won ($51.01) with Pair of Kings and Pair of Tens
Seat 2: 5013300e (small blind) folded before Flop
Seat 3: 4b931a7f (big blind) folded before Flop
Seat 4: fea29dcd folded before Flop (didn't bet)
Seat 5: 2043c499 folded before Flop (didn't bet)
Seat 6: Hero showed [Ah Qh] and lost with Pair of Tens and Pair of Twos


Poker Hand #RC3064930525: Hold'em No Limit ($0.1/$0.25) - 2024/11/13 23:50:20
Table 'RushAndCash5553880' 6-max Seat #1 is the button
Seat 1: bb7477f4 ($25.35 in chips)
Seat 2: e95824a6 ($29.75 in chips)
Seat 3: 227d264e ($25 in chips)
Seat 4: aaabe5ad ($24.65 in chips)
Seat 5: Hero ($61.23 in chips)
Seat 6: 935e24b1 ($29.12 in chips)
e95824a6: posts small blind $0.1
227d264e: posts big blind $0.25
*** HOLE CARDS ***
Dealt to bb7477f4 
Dealt to e95824a6 
Dealt to 227d264e 
Dealt to aaabe5ad 
Dealt to Hero [7d Qc]
Dealt to 935e24b1 
aaabe5ad: raises $0.3 to $0.55
Hero: folds
935e24b1: folds
bb7477f4: folds
e95824a6: folds
227d264e: folds
Uncalled bet ($0.3) returned to aaabe5ad
*** SHOWDOWN ***
aaabe5ad collected $0.6 from pot
*** SUMMARY ***
Total pot $0.6 | Rake $0 | Jackpot $0 | Bingo $0 | Fortune $0 | Tax $0
Seat 1: bb7477f4 (button) folded before Flop (didn't bet)
Seat 2: e95824a6 (small blind) folded before Flop
Seat 3: 227d264e (big blind) folded before Flop
Seat 4: aaabe5ad collected ($0.6)
Seat 5: Hero folded before Flop (didn't bet)
Seat 6: 935e24b1 folded before Flop (didn't bet)


Poker Hand #RC3064930460: Hold'em No Limit ($0.1/$0.25) - 2024/11/13 23:50:07
Table 'RushAndCash5553837' 6-max Seat #1 is the button
Seat 1: 33726812 ($52.85 in chips)
Seat 2: d1e50a91 ($31.26 in chips)
Seat 3: Hero ($61.48 in chips)
Seat 4: e0d46895 ($25 in chips)
Seat 5: 849aa806 ($60.74 in chips)
Seat 6: 78e4db7e ($26.39 in chips)
d1e50a91: posts small blind $0.1
Hero: posts big blind $0.25
*** HOLE CARDS ***
Dealt to 33726812 
Dealt to d1e50a91 
Dealt to Hero [Qd 6c]
Dealt to e0d46895 
Dealt to 849aa806 
Dealt to 78e4db7e 
e0d46895: folds
849aa806: folds
78e4db7e: folds
33726812: raises $0.38 to $0.63
d1e50a91: folds
Hero: folds
Uncalled bet ($0.38) returned to 33726812
*** SHOWDOWN ***
33726812 collected $0.6 from pot
*** SUMMARY ***
Total pot $0.6 | Rake $0 | Jackpot $0 | Bingo $0 | Fortune $0 | Tax $0
Seat 1: 33726812 (button) collected ($0.6)
Seat 2: d1e50a91 (small blind) folded before Flop
Seat 3: Hero (big blind) folded before Flop
Seat 4: e0d46895 folded before Flop (didn't bet)
Seat 5: 849aa806 folded before Flop (didn't bet)
Seat 6: 78e4db7e folded before Flop (didn't bet)


Poker Hand #RC3064930183: Hold'em No Limit ($0.1/$0.25) - 2024/11/13 23:49:10
Table 'RushAndCash5553660' 6-max Seat #1 is the button
Seat 1: 435ef5cf ($40.5 in chips)
Seat 2: 81d18b47 ($28.84 in chips)
Seat 3: 5397e460 ($25 in chips)
Seat 4: Hero ($62.65 in chips)
Seat 5: f9cf59d4 ($25 in chips)
Seat 6: 78e4db7e ($25 in chips)
81d18b47: posts small blind $0.1
5397e460: posts big blind $0.25
*** HOLE CARDS ***
Dealt to 435ef5cf 
Dealt to 81d18b47 
Dealt to 5397e460 
Dealt to Hero [Td As]
Dealt to f9cf59d4 
Dealt to 78e4db7e 
Hero: raises $0.38 to $0.63
f9cf59d4: folds
78e4db7e: calls $0.63
435ef5cf: folds
81d18b47: folds
5397e460: folds
*** FLOP *** [Kd 3s Qd]
Hero: bets $0.54
78e4db7e: raises $1.75 to $2.29
Hero: folds
Uncalled bet ($1.75) returned to 78e4db7e
*** SHOWDOWN ***
78e4db7e collected $2.56 from pot
*** SUMMARY ***
Total pot $2.69 | Rake $0.13 | Jackpot $0 | Bingo $0 | Fortune $0 | Tax $0
Board [Kd 3s Qd]
Seat 1: 435ef5cf (button) folded before Flop (didn't bet)
Seat 2: 81d18b47 (small blind) folded before Flop
Seat 3: 5397e460 (big blind) folded before Flop
Seat 4: Hero folded on the Flop
Seat 5: f9cf59d4 folded before Flop (didn't bet)
Seat 6: 78e4db7e won ($2.56)


Poker Hand #RC3064930139: Hold'em No Limit ($0.1/$0.25) - 2024/11/13 23:48:59
Table 'RushAndCash5553631' 6-max Seat #1 is the button
Seat 1: 2043c499 ($27.69 in chips)
Seat 2: Hero ($62.75 in chips)
Seat 3: c39535b ($25.25 in chips)
Seat 4: 7e57451b ($26.7 in chips)
Seat 5: 70aafd7a ($25 in chips)
Seat 6: 7c759787 ($46.87 in chips)
Hero: posts small blind $0.1
c39535b: posts big blind $0.25
*** HOLE CARDS ***
Dealt to 2043c499 
Dealt to Hero [5d 9c]
Dealt to c39535b 
Dealt to 7e57451b 
Dealt to 70aafd7a 
Dealt to 7c759787 
7e57451b: folds
70aafd7a: folds
7c759787: folds
2043c499: raises $0.3 to $0.55
Hero: folds
c39535b: folds
Uncalled bet ($0.3) returned to 2043c499
*** SHOWDOWN ***
2043c499 collected $0.6 from pot
*** SUMMARY ***
Total pot $0.6 | Rake $0 | Jackpot $0 | Bingo $0 | Fortune $0 | Tax $0
Seat 1: 2043c499 (button) collected ($0.6)
Seat 2: Hero (small blind) folded before Flop
Seat 3: c39535b (big blind) folded before Flop
Seat 4: 7e57451b folded before Flop (didn't bet)
Seat 5: 70aafd7a folded before Flop (didn't bet)
Seat 6: 7c759787 folded before Flop (didn't bet)


Poker Hand #RC3064930085: Hold'em No Limit ($0.1/$0.25) - 2024/11/13 23:48:47
Table 'RushAndCash5553594' 6-max Seat #1 is the button
Seat 1: Hero ($62.75 in chips)
Seat 2: c3da2063 ($43.39 in chips)
Seat 3: 849aa806 ($60.99 in chips)
Seat 4: 97e9581b ($49.47 in chips)
Seat 5: 1886b620 ($27.02 in chips)
Seat 6: 8b42fe9 ($30.26 in chips)
c3da2063: posts small blind $0.1
849aa806: posts big blind $0.25
*** HOLE CARDS ***
Dealt to Hero [Qs 9h]
Dealt to c3da2063 
Dealt to 849aa806 
Dealt to 97e9581b 
Dealt to 1886b620 
Dealt to 8b42fe9 
97e9581b: folds
1886b620: folds
8b42fe9: folds
Hero: folds
c3da2063: folds
Uncalled bet ($0.15) returned to 849aa806
*** SHOWDOWN ***
849aa806 collected $0.2 from pot
*** SUMMARY ***
Total pot $0.2 | Rake $0 | Jackpot $0 | Bingo $0 | Fortune $0 | Tax $0
Seat 1: Hero (button) folded before Flop (didn't bet)
Seat 2: c3da2063 (small blind) folded before Flop
Seat 3: 849aa806 (big blind) collected ($0.2)
Seat 4: 97e9581b folded before Flop (didn't bet)
Seat 5: 1886b620 folded before Flop (didn't bet)
Seat 6: 8b42fe9 folded before Flop (didn't bet)


Poker Hand #RC3064930066: Hold'em No Limit ($0.1/$0.25) - 2024/11/13 23:48:44
Table 'RushAndCash5553581' 6-max Seat #1 is the button
Seat 1: 4c612799 ($26.76 in chips)
Seat 2: cc734762 ($25.53 in chips)
Seat 3: 44d7547 ($24.67 in chips)
Seat 4: 82f0bb92 ($25 in chips)
Seat 5: Hero ($62.75 in chips)
Seat 6: aeee101 ($25 in chips)
cc734762: posts small blind $0.1
44d7547: posts big blind $0.25
*** HOLE CARDS ***
Dealt to 4c612799 
Dealt to cc734762 
Dealt to 44d7547 
Dealt to 82f0bb92 
Dealt to Hero [8d Kc]
Dealt to aeee101 
82f0bb92: folds
Hero: folds
aeee101: raises $0.25 to $0.5
4c612799: raises $1.1 to $1.6
cc734762: folds
44d7547: folds
aeee101: folds
Uncalled bet ($1.1) returned to 4c612799
*** SHOWDOWN ***
4c612799 collected $1.29 from pot
*** SUMMARY ***
Total pot $1.35 | Rake $0.06 | Jackpot $0 | Bingo $0 | Fortune $0 | Tax $0
Seat 1: 4c612799 (button) collected ($1.29)
Seat 2: cc734762 (small blind) folded before Flop
Seat 3: 44d7547 (big blind) folded before Flop
Seat 4: 82f0bb92 folded before Flop (didn't bet)
Seat 5: Hero folded before Flop (didn't bet)
Seat 6: aeee101 folded before Flop


Poker Hand #RC3064929993: Hold'em No Limit ($0.1/$0.25) - 2024/11/13 23:48:29
Table 'RushAndCash5553533' 6-max Seat #1 is the button
Seat 1: 6b931ea7 ($27.95 in chips)
Seat 2: Hero ($62.5 in chips)
Seat 3: 7fb31f7f ($28.21 in chips)
Seat 4: f01d793a ($38.17 in chips)
Seat 5: f7c0f4b ($25 in chips)
Seat 6: c6c63e0b ($42.81 in chips)
Hero: posts small blind $0.1
7fb31f7f: posts big blind $0.25
*** HOLE CARDS ***
Dealt to 6b931ea7 
Dealt to Hero [Js Qd]
Dealt to 7fb31f7f 
Dealt to f01d793a 
Dealt to f7c0f4b 
Dealt to c6c63e0b 
f01d793a: folds
f7c0f4b: folds
c6c63e0b: folds
6b931ea7: folds
Hero: raises $0.5 to $0.75
7fb31f7f: folds
Uncalled bet ($0.5) returned to Hero
*** SHOWDOWN ***
Hero collected $0.5 from pot
*** SUMMARY ***
Total pot $0.5 | Rake $0 | Jackpot $0 | Bingo $0 | Fortune $0 | Tax $0
Seat 1: 6b931ea7 (button) folded before Flop (didn't bet)
Seat 2: Hero (small blind) collected ($0.5)
Seat 3: 7fb31f7f (big blind) folded before Flop
Seat 4: f01d793a folded before Flop (didn't bet)
Seat 5: f7c0f4b folded before Flop (didn't bet)
Seat 6: c6c63e0b folded before Flop (didn't bet)


Poker Hand #RC3064929967: Hold'em No Limit ($0.1/$0.25) - 2024/11/13 23:48:22
Table 'RushAndCash5553516' 6-max Seat #1 is the button
Seat 1: 273230cb ($50.31 in chips)
Seat 2: 3459c559 ($25 in chips)
Seat 3: Hero ($62.75 in chips)
Seat 4: 9341948 ($33.45 in chips)
Seat 5: 58037ad7 ($10.79 in chips)
Seat 6: 5c66fc0 ($51.43 in chips)
3459c559: posts small blind $0.1
Hero: posts big blind $0.25
*** HOLE CARDS ***
Dealt to 273230cb 
Dealt to 3459c559 
Dealt to Hero [6d 4h]
Dealt to 9341948 
Dealt to 58037ad7 
Dealt to 5c66fc0 
9341948: raises $0.25 to $0.5
58037ad7: folds
5c66fc0: folds
273230cb: calls $0.5
3459c559: folds
Hero: folds
*** FLOP *** [8h 9d Kh]
9341948: checks
273230cb: checks
*** TURN *** [8h 9d Kh] [Kd]
9341948: checks
273230cb: checks
*** RIVER *** [8h 9d Kh Kd] [4c]
9341948: checks
273230cb: checks
9341948: shows [Jd Ah] (Pair of Kings)
273230cb: shows [5d 5h] (Pair of Kings and Pair of Fives)
*** SHOWDOWN ***
273230cb collected $1.29 from pot
*** SUMMARY ***
Total pot $1.35 | Rake $0.06 | Jackpot $0 | Bingo $0 | Fortune $0 | Tax $0
Board [8h 9d Kh Kd 4c]
Seat 1: 273230cb (button) showed [5d 5h] and won ($1.29) with Pair of Kings and Pair of Fives
Seat 2: 3459c559 (small blind) folded before Flop
Seat 3: Hero (big blind) folded before Flop
Seat 4: 9341948 showed [Jd Ah] and lost with Pair of Kings
Seat 5: 58037ad7 folded before Flop (didn't bet)
Seat 6: 5c66fc0 folded before Flop (didn't bet)


Poker Hand #RC3064929951: Hold'em No Limit ($0.1/$0.25) - 2024/11/13 23:48:18
Table 'RushAndCash5553506' 6-max Seat #1 is the button
Seat 1: d5687623 ($25 in chips)
Seat 2: bb7477f4 ($26.05 in chips)
Seat 3: 82f0bb92 ($25.25 in chips)
Seat 4: 273230cb ($50.31 in chips)
Seat 5: d1e50a91 ($32.41 in chips)
Seat 6: Hero ($62.75 in chips)
bb7477f4: posts small blind $0.1
82f0bb92: posts big blind $0.25
*** HOLE CARDS ***
Dealt to d5687623 
Dealt to bb7477f4 
Dealt to 82f0bb92 
Dealt to 273230cb 
Dealt to d1e50a91 
Dealt to Hero [7h 9s]
273230cb: folds
d1e50a91: folds
Hero: folds
d5687623: raises $0.38 to $0.63
bb7477f4: raises $2.27 to $2.9
82f0bb92: folds
d5687623: raises $3.33 to $6.23
bb7477f4: folds
Uncalled bet ($3.33) returned to d5687623
*** SHOWDOWN ***
d5687623 collected $5.75 from pot
*** SUMMARY ***
Total pot $6.05 | Rake $0.3 | Jackpot $0 | Bingo $0 | Fortune $0 | Tax $0
Seat 1: d5687623 (button) collected ($5.75)
Seat 2: bb7477f4 (small blind) folded before Flop
Seat 3: 82f0bb92 (big blind) folded before Flop
Seat 4: 273230cb folded before Flop (didn't bet)
Seat 5: d1e50a91 folded before Flop (didn't bet)
Seat 6: Hero folded before Flop (didn't bet)


Poker Hand #RC3064929669: Hold'em No Limit ($0.1/$0.25) - 2024/11/13 23:47:16
Table 'RushAndCash5553320' 6-max Seat #1 is the button
Seat 1: dfb396c ($13.06 in chips)
Seat 2: 8867c76c ($26.98 in chips)
Seat 3: bb7477f4 ($25 in chips)
Seat 4: b0c6d910 ($27.02 in chips)
Seat 5: Hero ($63.83 in chips)
Seat 6: 1bdfda7b ($25.44 in chips)
8867c76c: posts small blind $0.1
bb7477f4: posts big blind $0.25
*** HOLE CARDS ***
Dealt to dfb396c 
Dealt to 8867c76c 
Dealt to bb7477f4 
Dealt to b0c6d910 
Dealt to Hero [As 7s]
Dealt to 1bdfda7b 
b0c6d910: folds
Hero: raises $0.38 to $0.63
1bdfda7b: folds
dfb396c: folds
8867c76c: folds
bb7477f4: calls $0.38
*** FLOP *** [6s Kc Kh]
bb7477f4: checks
Hero: bets $0.45
bb7477f4: raises $0.95 to $1.4
Hero: folds
Uncalled bet ($0.95) returned to bb7477f4
*** SHOWDOWN ***
bb7477f4 collected $2.13 from pot
*** SUMMARY ***
Total pot $2.26 | Rake $0.13 | Jackpot $0 | Bingo $0 | Fortune $0 | Tax $0
Board [6s Kc Kh]
Seat 1: dfb396c (button) folded before Flop (didn't bet)
Seat 2: 8867c76c (small blind) folded before Flop
Seat 3: bb7477f4 (big blind) won ($2.13)
Seat 4: b0c6d910 folded before Flop (didn't bet)
Seat 5: Hero folded on the Flop
Seat 6: 1bdfda7b folded before Flop (didn't bet)


Poker Hand #RC3064929653: Hold'em No Limit ($0.1/$0.25) - 2024/11/13 23:47:12
Table 'RushAndCash5553309' 6-max Seat #1 is the button
Seat 1: c5e33b1a ($25 in chips)
Seat 2: dfb396c ($13.16 in chips)
Seat 3: 1522621a ($30.36 in chips)
Seat 4: 33a2b417 ($50.13 in chips)
Seat 5: f01d793a ($38.77 in chips)
Seat 6: Hero ($63.83 in chips)
dfb396c: posts small blind $0.1
1522621a: posts big blind $0.25
*** HOLE CARDS ***
Dealt to c5e33b1a 
Dealt to dfb396c 
Dealt to 1522621a 
Dealt to 33a2b417 
Dealt to f01d793a 
Dealt to Hero [3h 7h]
33a2b417: folds
f01d793a: folds
Hero: folds
c5e33b1a: raises $0.38 to $0.63
dfb396c: folds
1522621a: folds
Uncalled bet ($0.38) returned to c5e33b1a
*** SHOWDOWN ***
c5e33b1a collected $0.6 from pot
*** SUMMARY ***
Total pot $0.6 | Rake $0 | Jackpot $0 | Bingo $0 | Fortune $0 | Tax $0
Seat 1: c5e33b1a (button) collected ($0.6)
Seat 2: dfb396c (small blind) folded before Flop
Seat 3: 1522621a (big blind) folded before Flop
Seat 4: 33a2b417 folded before Flop (didn't bet)
Seat 5: f01d793a folded before Flop (didn't bet)
Seat 6: Hero folded before Flop (didn't bet)


Poker Hand #RC3064929632: Hold'em No Limit ($0.1/$0.25) - 2024/11/13 23:47:08
Table 'RushAndCash5553293' 6-max Seat #1 is the button
Seat 1: 773cb105 ($98.71 in chips)
Seat 2: af291b0 ($39.86 in chips)
Seat 3: d50c1ae6 ($16.61 in chips)
Seat 4: ef0c02ee ($44.48 in chips)
Seat 5: d3dbe846 ($41.92 in chips)
Seat 6: Hero ($63.83 in chips)
af291b0: posts small blind $0.1
d50c1ae6: posts big blind $0.25
*** HOLE CARDS ***
Dealt to 773cb105 
Dealt to af291b0 
Dealt to d50c1ae6 
Dealt to ef0c02ee 
Dealt to d3dbe846 
Dealt to Hero [2s Ks]
ef0c02ee: folds
d3dbe846: folds
Hero: folds
773cb105: raises $0.38 to $0.63
af291b0: folds
d50c1ae6: raises $1.7 to $2.33
773cb105: calls $1.7
*** FLOP *** [9h 5d 4s]
d50c1ae6: bets $3.57
773cb105: raises $13.09 to $16.66
d50c1ae6: folds
Uncalled bet ($13.09) returned to 773cb105
*** SHOWDOWN ***
773cb105 collected $10.96 from pot
*** SUMMARY ***
Total pot $11.9 | Rake $0.57 | Jackpot $0.37 | Bingo $0 | Fortune $0 | Tax $0
Board [9h 5d 4s]
Seat 1: 773cb105 (button) won ($10.96)
Seat 2: af291b0 (small blind) folded before Flop
Seat 3: d50c1ae6 (big blind) folded on the Flop
Seat 4: ef0c02ee folded before Flop (didn't bet)
Seat 5: d3dbe846 folded before Flop (didn't bet)
Seat 6: Hero folded before Flop (didn't bet)


Poker Hand #RC3064929613: Hold'em No Limit ($0.1/$0.25) - 2024/11/13 23:47:04
Table 'RushAndCash5553280' 6-max Seat #1 is the button
Seat 1: 5c66fc0 ($50.51 in chips)
Seat 2: c0ac2d9f ($25 in chips)
Seat 3: 305358c7 ($41.48 in chips)
Seat 4: Hero ($63.83 in chips)
Seat 5: a20b2a70 ($19.92 in chips)
Seat 6: 773cb105 ($98.71 in chips)
c0ac2d9f: posts small blind $0.1
305358c7: posts big blind $0.25
*** HOLE CARDS ***
Dealt to 5c66fc0 
Dealt to c0ac2d9f 
Dealt to 305358c7 
Dealt to Hero [2h Jh]
Dealt to a20b2a70 
Dealt to 773cb105 
Hero: folds
a20b2a70: raises $0.25 to $0.5
773cb105: folds
5c66fc0: folds
c0ac2d9f: folds
305358c7: folds
Uncalled bet ($0.25) returned to a20b2a70
*** SHOWDOWN ***
a20b2a70 collected $0.6 from pot
*** SUMMARY ***
Total pot $0.6 | Rake $0 | Jackpot $0 | Bingo $0 | Fortune $0 | Tax $0
Seat 1: 5c66fc0 (button) folded before Flop (didn't bet)
Seat 2: c0ac2d9f (small blind) folded before Flop
Seat 3: 305358c7 (big blind) folded before Flop
Seat 4: Hero folded before Flop (didn't bet)
Seat 5: a20b2a70 collected ($0.6)
Seat 6: 773cb105 folded before Flop (didn't bet)


Poker Hand #RC3064929597: Hold'em No Limit ($0.1/$0.25) - 2024/11/13 23:47:00
Table 'RushAndCash5553268' 6-max Seat #1 is the button
Seat 1: Hero ($63.83 in chips)
Seat 2: 305358c7 ($41.58 in chips)
Seat 3: b0c6d910 ($26.92 in chips)
Seat 4: 63e738bb ($26.46 in chips)
Seat 5: 27140098 ($25.09 in chips)
Seat 6: f01d793a ($38.77 in chips)
305358c7: posts small blind $0.1
b0c6d910: posts big blind $0.25
*** HOLE CARDS ***
Dealt to Hero [2c 7s]
Dealt to 305358c7 
Dealt to b0c6d910 
Dealt to 63e738bb 
Dealt to 27140098 
Dealt to f01d793a 
63e738bb: folds
27140098: folds
f01d793a: folds
Hero: folds
305358c7: folds
Uncalled bet ($0.15) returned to b0c6d910
*** SHOWDOWN ***
b0c6d910 collected $0.2 from pot
*** SUMMARY ***
Total pot $0.2 | Rake $0 | Jackpot $0 | Bingo $0 | Fortune $0 | Tax $0
Seat 1: Hero (button) folded before Flop (didn't bet)
Seat 2: 305358c7 (small blind) folded before Flop
Seat 3: b0c6d910 (big blind) collected ($0.2)
Seat 4: 63e738bb folded before Flop (didn't bet)
Seat 5: 27140098 folded before Flop (didn't bet)
Seat 6: f01d793a folded before Flop (didn't bet)


Poker Hand #RC3064929558: Hold'em No Limit ($0.1/$0.25) - 2024/11/13 23:46:53
Table 'RushAndCash5553244' 6-max Seat #1 is the button
Seat 1: e3d36813 ($27.1 in chips)
Seat 2: 367b17c5 ($20.63 in chips)
Seat 3: Hero ($64.08 in chips)
Seat 4: 6225528c ($17.61 in chips)
Seat 5: e2f6ba09 ($29.46 in chips)
Seat 6: 6f5c3e83 ($103.23 in chips)
367b17c5: posts small blind $0.1
Hero: posts big blind $0.25
*** HOLE CARDS ***
Dealt to e3d36813 
Dealt to 367b17c5 
Dealt to Hero [8c Td]
Dealt to 6225528c 
Dealt to e2f6ba09 
Dealt to 6f5c3e83 
6225528c: folds
e2f6ba09: raises $0.25 to $0.5
6f5c3e83: folds
e3d36813: folds
367b17c5: folds
Hero: folds
Uncalled bet ($0.25) returned to e2f6ba09
*** SHOWDOWN ***
e2f6ba09 collected $0.6 from pot
*** SUMMARY ***
Total pot $0.6 | Rake $0 | Jackpot $0 | Bingo $0 | Fortune $0 | Tax $0
Seat 1: e3d36813 (button) folded before Flop (didn't bet)
Seat 2: 367b17c5 (small blind) folded before Flop
Seat 3: Hero (big blind) folded before Flop
Seat 4: 6225528c folded before Flop (didn't bet)
Seat 5: e2f6ba09 collected ($0.6)
Seat 6: 6f5c3e83 folded before Flop (didn't bet)


Poker Hand #RC3064929543: Hold'em No Limit ($0.1/$0.25) - 2024/11/13 23:46:49
Table 'RushAndCash5553234' 6-max Seat #1 is the button
Seat 1: 773cb105 ($98.36 in chips)
Seat 2: Hero ($64.18 in chips)
Seat 3: d87576e9 ($11.62 in chips)
Seat 4: b0c6d910 ($27.02 in chips)
Seat 5: aa3d50fa ($7.17 in chips)
Seat 6: c16e47a8 ($27.44 in chips)
Hero: posts small blind $0.1
d87576e9: posts big blind $0.25
*** HOLE CARDS ***
Dealt to 773cb105 
Dealt to Hero [6s Jh]
Dealt to d87576e9 
Dealt to b0c6d910 
Dealt to aa3d50fa 
Dealt to c16e47a8 
b0c6d910: folds
aa3d50fa: folds
c16e47a8: folds
773cb105: raises $0.38 to $0.63
Hero: folds
d87576e9: folds
Uncalled bet ($0.38) returned to 773cb105
*** SHOWDOWN ***
773cb105 collected $0.6 from pot
*** SUMMARY ***
Total pot $0.6 | Rake $0 | Jackpot $0 | Bingo $0 | Fortune $0 | Tax $0
Seat 1: 773cb105 (button) collected ($0.6)
Seat 2: Hero (small blind) folded before Flop
Seat 3: d87576e9 (big blind) folded before Flop
Seat 4: b0c6d910 folded before Flop (didn't bet)
Seat 5: aa3d50fa folded before Flop (didn't bet)
Seat 6: c16e47a8 folded before Flop (didn't bet)


Poker Hand #RC3064929529: Hold'em No Limit ($0.1/$0.25) - 2024/11/13 23:46:46
Table 'RushAndCash5553225' 6-max Seat #1 is the button
Seat 1: 350d1a39 ($11.6 in chips)
Seat 2: 4611e34a ($27.17 in chips)
Seat 3: d688ce88 ($34.99 in chips)
Seat 4: Hero ($64.18 in chips)
Seat 5: 773cb105 ($98.36 in chips)
Seat 6: f6d6bbd1 ($25.55 in chips)
4611e34a: posts small blind $0.1
d688ce88: posts big blind $0.25
*** HOLE CARDS ***
Dealt to 350d1a39 
Dealt to 4611e34a 
Dealt to d688ce88 
Dealt to Hero [4d Th]
Dealt to 773cb105 
Dealt to f6d6bbd1 
Hero: folds
773cb105: folds
f6d6bbd1: folds
350d1a39: raises $0.25 to $0.5
4611e34a: folds
d688ce88: folds
Uncalled bet ($0.25) returned to 350d1a39
*** SHOWDOWN ***
350d1a39 collected $0.6 from pot
*** SUMMARY ***
Total pot $0.6 | Rake $0 | Jackpot $0 | Bingo $0 | Fortune $0 | Tax $0
Seat 1: 350d1a39 (button) collected ($0.6)
Seat 2: 4611e34a (small blind) folded before Flop
Seat 3: d688ce88 (big blind) folded before Flop
Seat 4: Hero folded before Flop (didn't bet)
Seat 5: 773cb105 folded before Flop (didn't bet)
Seat 6: f6d6bbd1 folded before Flop (didn't bet)


Poker Hand #RC3064929512: Hold'em No Limit ($0.1/$0.25) - 2024/11/13 23:46:42
Table 'RushAndCash5553214' 6-max Seat #1 is the button
Seat 1: bdc7e991 ($45.78 in chips)
Seat 2: c16e47a8 ($27.54 in chips)
Seat 3: 27140098 ($24.99 in chips)
Seat 4: Hero ($64.18 in chips)
Seat 5: 773cb105 ($98.36 in chips)
Seat 6: cf93ffc9 ($20.46 in chips)
c16e47a8: posts small blind $0.1
27140098: posts big blind $0.25
*** HOLE CARDS ***
Dealt to bdc7e991 
Dealt to c16e47a8 
Dealt to 27140098 
Dealt to Hero [Tc 4c]
Dealt to 773cb105 
Dealt to cf93ffc9 
Hero: folds
773cb105: folds
cf93ffc9: folds
bdc7e991: folds
c16e47a8: folds
Uncalled bet ($0.15) returned to 27140098
*** SHOWDOWN ***
27140098 collected $0.2 from pot
*** SUMMARY ***
Total pot $0.2 | Rake $0 | Jackpot $0 | Bingo $0 | Fortune $0 | Tax $0
Seat 1: bdc7e991 (button) folded before Flop (didn't bet)
Seat 2: c16e47a8 (small blind) folded before Flop
Seat 3: 27140098 (big blind) collected ($0.2)
Seat 4: Hero folded before Flop (didn't bet)
Seat 5: 773cb105 folded before Flop (didn't bet)
Seat 6: cf93ffc9 folded before Flop (didn't bet)


Poker Hand #RC3064929496: Hold'em No Limit ($0.1/$0.25) - 2024/11/13 23:46:39
Table 'RushAndCash5553203' 6-max Seat #1 is the button
Seat 1: 80d2690e ($38.67 in chips)
Seat 2: cf93ffc9 ($20.56 in chips)
Seat 3: c16e47a8 ($27.79 in chips)
Seat 4: 1a3b801f ($25 in chips)
Seat 5: c60383b1 ($26.84 in chips)
Seat 6: Hero ($64.18 in chips)
cf93ffc9: posts small blind $0.1
c16e47a8: posts big blind $0.25
*** HOLE CARDS ***
Dealt to 80d2690e 
Dealt to cf93ffc9 
Dealt to c16e47a8 
Dealt to 1a3b801f 
Dealt to c60383b1 
Dealt to Hero [9c 4c]
1a3b801f: raises $0.25 to $0.5
c60383b1: folds
Hero: folds
80d2690e: calls $0.5
cf93ffc9: folds
c16e47a8: folds
*** FLOP *** [9h 6s 5c]
1a3b801f: checks
80d2690e: checks
*** TURN *** [9h 6s 5c] [3d]
1a3b801f: checks
80d2690e: bets $0.75
1a3b801f: folds
Uncalled bet ($0.75) returned to 80d2690e
*** SHOWDOWN ***
80d2690e collected $1.29 from pot
*** SUMMARY ***
Total pot $1.35 | Rake $0.06 | Jackpot $0 | Bingo $0 | Fortune $0 | Tax $0
Board [9h 6s 5c 3d]
Seat 1: 80d2690e (button) won ($1.29)
Seat 2: cf93ffc9 (small blind) folded before Flop
Seat 3: c16e47a8 (big blind) folded before Flop
Seat 4: 1a3b801f folded on the Turn
Seat 5: c60383b1 folded before Flop (didn't bet)
Seat 6: Hero folded before Flop (didn't bet)


Poker Hand #RC3064929473: Hold'em No Limit ($0.1/$0.25) - 2024/11/13 23:46:34
Table 'RushAndCash5553188' 6-max Seat #1 is the button
Seat 1: c60383b1 ($26.84 in chips)
Seat 2: Hero ($64.28 in chips)
Seat 3: d5687623 ($25.6 in chips)
Seat 4: ff11e7dc ($9.09 in chips)
Seat 5: fc7bc737 ($48.16 in chips)
Seat 6: 3116d3dc ($25.35 in chips)
Hero: posts small blind $0.1
d5687623: posts big blind $0.25
*** HOLE CARDS ***
Dealt to c60383b1 
Dealt to Hero [7d 5h]
Dealt to d5687623 
Dealt to ff11e7dc 
Dealt to fc7bc737 
Dealt to 3116d3dc 
ff11e7dc: raises $0.6 to $0.85
fc7bc737: folds
3116d3dc: folds
c60383b1: folds
Hero: folds
d5687623: folds
Uncalled bet ($0.6) returned to ff11e7dc
*** SHOWDOWN ***
ff11e7dc collected $0.6 from pot
*** SUMMARY ***
Total pot $0.6 | Rake $0 | Jackpot $0 | Bingo $0 | Fortune $0 | Tax $0
Seat 1: c60383b1 (button) folded before Flop (didn't bet)
Seat 2: Hero (small blind) folded before Flop
Seat 3: d5687623 (big blind) folded before Flop
Seat 4: ff11e7dc collected ($0.6)
Seat 5: fc7bc737 folded before Flop (didn't bet)
Seat 6: 3116d3dc folded before Flop (didn't bet)


Poker Hand #RC3064929404: Hold'em No Limit ($0.1/$0.25) - 2024/11/13 23:46:21
Table 'RushAndCash5553143' 6-max Seat #1 is the button
Seat 1: aeee101 ($25 in chips)
Seat 2: e1f1ba8f ($20.39 in chips)
Seat 3: Hero ($64.53 in chips)
Seat 4: 6849a614 ($57.06 in chips)
Seat 5: 6d3cb089 ($27.11 in chips)
Seat 6: 51d15a39 ($25.25 in chips)
e1f1ba8f: posts small blind $0.1
Hero: posts big blind $0.25
*** HOLE CARDS ***
Dealt to aeee101 
Dealt to e1f1ba8f 
Dealt to Hero [6s 7d]
Dealt to 6849a614 
Dealt to 6d3cb089 
Dealt to 51d15a39 
6849a614: folds
6d3cb089: folds
51d15a39: folds
aeee101: folds
e1f1ba8f: raises $0.38 to $0.63
Hero: folds
Uncalled bet ($0.38) returned to e1f1ba8f
*** SHOWDOWN ***
e1f1ba8f collected $0.5 from pot
*** SUMMARY ***
Total pot $0.5 | Rake $0 | Jackpot $0 | Bingo $0 | Fortune $0 | Tax $0
Seat 1: aeee101 (button) folded before Flop (didn't bet)
Seat 2: e1f1ba8f (small blind) collected ($0.5)
Seat 3: Hero (big blind) folded before Flop
Seat 4: 6849a614 folded before Flop (didn't bet)
Seat 5: 6d3cb089 folded before Flop (didn't bet)
Seat 6: 51d15a39 folded before Flop (didn't bet)


Poker Hand #RC3064929386: Hold'em No Limit ($0.1/$0.25) - 2024/11/13 23:46:18
Table 'RushAndCash5553132' 6-max Seat #1 is the button
Seat 1: Hero ($64.53 in chips)
Seat 2: 2ea24cb3 ($37.05 in chips)
Seat 3: 367b17c5 ($21.13 in chips)
Seat 4: be41246 ($25 in chips)
Seat 5: be433dff ($62.67 in chips)
Seat 6: fefcf110 ($21.75 in chips)
2ea24cb3: posts small blind $0.1
367b17c5: posts big blind $0.25
*** HOLE CARDS ***
Dealt to Hero [2h 4c]
Dealt to 2ea24cb3 
Dealt to 367b17c5 
Dealt to be41246 
Dealt to be433dff 
Dealt to fefcf110 
be41246: folds
be433dff: raises $0.25 to $0.5
fefcf110: folds
Hero: folds
2ea24cb3: folds
367b17c5: folds
Uncalled bet ($0.25) returned to be433dff
*** SHOWDOWN ***
be433dff collected $0.6 from pot
*** SUMMARY ***
Total pot $0.6 | Rake $0 | Jackpot $0 | Bingo $0 | Fortune $0 | Tax $0
Seat 1: Hero (button) folded before Flop (didn't bet)
Seat 2: 2ea24cb3 (small blind) folded before Flop
Seat 3: 367b17c5 (big blind) folded before Flop
Seat 4: be41246 folded before Flop (didn't bet)
Seat 5: be433dff collected ($0.6)
Seat 6: fefcf110 folded before Flop (didn't bet)


Poker Hand #RC3064929368: Hold'em No Limit ($0.1/$0.25) - 2024/11/13 23:46:14
Table 'RushAndCash5553121' 6-max Seat #1 is the button
Seat 1: d4bbc68 ($25 in chips)
Seat 2: 367b17c5 ($21.23 in chips)
Seat 3: e3db194 ($25 in chips)
Seat 4: Hero ($64.53 in chips)
Seat 5: be433dff ($62.67 in chips)
Seat 6: 6469714b ($41.99 in chips)
367b17c5: posts small blind $0.1
e3db194: posts big blind $0.25
*** HOLE CARDS ***
Dealt to d4bbc68 
Dealt to 367b17c5 
Dealt to e3db194 
Dealt to Hero [As 5h]
Dealt to be433dff 
Dealt to 6469714b 
Hero: folds
be433dff: folds
6469714b: folds
d4bbc68: folds
367b17c5: folds
Uncalled bet ($0.15) returned to e3db194
*** SHOWDOWN ***
e3db194 collected $0.2 from pot
*** SUMMARY ***
Total pot $0.2 | Rake $0 | Jackpot $0 | Bingo $0 | Fortune $0 | Tax $0
Seat 1: d4bbc68 (button) folded before Flop (didn't bet)
Seat 2: 367b17c5 (small blind) folded before Flop
Seat 3: e3db194 (big blind) collected ($0.2)
Seat 4: Hero folded before Flop (didn't bet)
Seat 5: be433dff folded before Flop (didn't bet)
Seat 6: 6469714b folded before Flop (didn't bet)


Poker Hand #RC3064929349: Hold'em No Limit ($0.1/$0.25) - 2024/11/13 23:46:11
Table 'RushAndCash5553108' 6-max Seat #1 is the button
Seat 1: 273230cb ($50.11 in chips)
Seat 2: 23bf4c79 ($28.37 in chips)
Seat 3: ea43146b ($25.35 in chips)
Seat 4: 367b17c5 ($21.23 in chips)
Seat 5: Hero ($64.53 in chips)
Seat 6: fe214925 ($69.67 in chips)
23bf4c79: posts small blind $0.1
ea43146b: posts big blind $0.25
*** HOLE CARDS ***
Dealt to 273230cb 
Dealt to 23bf4c79 
Dealt to ea43146b 
Dealt to 367b17c5 
Dealt to Hero [2d 6h]
Dealt to fe214925 
367b17c5: folds
Hero: folds
fe214925: folds
273230cb: folds
23bf4c79: raises $0.5 to $0.75
ea43146b: calls $0.5
*** FLOP *** [7c Ac Qs]
23bf4c79: bets $0.75
ea43146b: calls $0.75
*** TURN *** [7c Ac Qs] [Qc]
23bf4c79: checks
ea43146b: bets $2.3
23bf4c79: calls $2.3
*** RIVER *** [7c Ac Qs Qc] [Ad]
23bf4c79: checks
ea43146b: checks
23bf4c79: shows [Jc Kc] (Ace High Flush)
ea43146b: shows [Jd Ts] (Pair of Aces and Pair of Queens)
*** SHOWDOWN ***
23bf4c79 collected $6.87 from pot
*** SUMMARY ***
Total pot $7.6 | Rake $0.36 | Jackpot $0.37 | Bingo $0 | Fortune $0 | Tax $0
Board [7c Ac Qs Qc Ad]
Seat 1: 273230cb (button) folded before Flop (didn't bet)
Seat 2: 23bf4c79 (small blind) showed [Jc Kc] and won ($6.87) with Ace High Flush
Seat 3: ea43146b (big blind) showed [Jd Ts] and lost with Pair of Aces and Pair of Queens
Seat 4: 367b17c5 folded before Flop (didn't bet)
Seat 5: Hero folded before Flop (didn't bet)
Seat 6: fe214925 folded before Flop (didn't bet)


Poker Hand #RC3064929284: Hold'em No Limit ($0.1/$0.25) - 2024/11/13 23:45:59
Table 'RushAndCash5553066' 6-max Seat #1 is the button
Seat 1: 47546851 ($60.6 in chips)
Seat 2: Hero ($64.63 in chips)
Seat 3: eed25892 ($47.68 in chips)
Seat 4: ab0cd26 ($7.9 in chips)
Seat 5: 1bf9ea28 ($29.17 in chips)
Seat 6: 3b66170f ($25 in chips)
Hero: posts small blind $0.1
eed25892: posts big blind $0.25
*** HOLE CARDS ***
Dealt to 47546851 
Dealt to Hero [8c 8h]
Dealt to eed25892 
Dealt to ab0cd26 
Dealt to 1bf9ea28 
Dealt to 3b66170f 
ab0cd26: folds
1bf9ea28: raises $0.25 to $0.5
3b66170f: folds
47546851: raises $1.5 to $2
Hero: folds
eed25892: folds
1bf9ea28: calls $1.5
*** FLOP *** [Kc 6h Kh]
1bf9ea28: checks
47546851: bets $1.44
1bf9ea28: calls $1.44
*** TURN *** [Kc 6h Kh] [Qs]
1bf9ea28: checks
47546851: checks
*** RIVER *** [Kc 6h Kh Qs] [7d]
1bf9ea28: checks
47546851: checks
1bf9ea28: shows [3s 3c] (Pair of Kings and Pair of Treys)
47546851: shows [Ah 2h] (Pair of Kings)
*** SHOWDOWN ***
1bf9ea28 collected $6.87 from pot
*** SUMMARY ***
Total pot $7.23 | Rake $0.36 | Jackpot $0 | Bingo $0 | Fortune $0 | Tax $0
Board [Kc 6h Kh Qs 7d]
Seat 1: 47546851 (button) showed [Ah 2h] and lost with Pair of Kings
Seat 2: Hero (small blind) folded before Flop
Seat 3: eed25892 (big blind) folded before Flop
Seat 4: ab0cd26 folded before Flop (didn't bet)
Seat 5: 1bf9ea28 showed [3s 3c] and won ($6.87) with Pair of Kings and Pair of Treys
Seat 6: 3b66170f folded before Flop (didn't bet)


Poker Hand #RC3064929266: Hold'em No Limit ($0.1/$0.25) - 2024/11/13 23:45:55
Table 'RushAndCash5553056' 6-max Seat #1 is the button
Seat 1: e2c5f6b9 ($54.42 in chips)
Seat 2: ff60f7fa ($25 in chips)
Seat 3: dac10c7e ($45.06 in chips)
Seat 4: 1bf9ea28 ($29.17 in chips)
Seat 5: e3eb15d9 ($39.91 in chips)
Seat 6: Hero ($64.63 in chips)
ff60f7fa: posts small blind $0.1
dac10c7e: posts big blind $0.25
*** HOLE CARDS ***
Dealt to e2c5f6b9 
Dealt to ff60f7fa 
Dealt to dac10c7e 
Dealt to 1bf9ea28 
Dealt to e3eb15d9 
Dealt to Hero [Qc 4s]
1bf9ea28: folds
e3eb15d9: raises $0.25 to $0.5
Hero: folds
e2c5f6b9: folds
ff60f7fa: folds
dac10c7e: folds
Uncalled bet ($0.25) returned to e3eb15d9
*** SHOWDOWN ***
e3eb15d9 collected $0.6 from pot
*** SUMMARY ***
Total pot $0.6 | Rake $0 | Jackpot $0 | Bingo $0 | Fortune $0 | Tax $0
Seat 1: e2c5f6b9 (button) folded before Flop (didn't bet)
Seat 2: ff60f7fa (small blind) folded before Flop
Seat 3: dac10c7e (big blind) folded before Flop
Seat 4: 1bf9ea28 folded before Flop (didn't bet)
Seat 5: e3eb15d9 collected ($0.6)
Seat 6: Hero folded before Flop (didn't bet)


Poker Hand #RC3064929232: Hold'em No Limit ($0.1/$0.25) - 2024/11/13 23:45:48
Table 'RushAndCash5553035' 6-max Seat #1 is the button
Seat 1: 69b1cc3b ($26.47 in chips)
Seat 2: 756458a ($79.02 in chips)
Seat 3: Hero ($64.88 in chips)
Seat 4: 305358c7 ($41.08 in chips)
Seat 5: c60383b1 ($27.19 in chips)
Seat 6: f8f6bb85 ($50.94 in chips)
756458a: posts small blind $0.1
Hero: posts big blind $0.25
*** HOLE CARDS ***
Dealt to 69b1cc3b 
Dealt to 756458a 
Dealt to Hero [8d Ts]
Dealt to 305358c7 
Dealt to c60383b1 
Dealt to f8f6bb85 
305358c7: raises $0.3 to $0.55
c60383b1: folds
f8f6bb85: folds
69b1cc3b: folds
756458a: folds
Hero: folds
Uncalled bet ($0.3) returned to 305358c7
*** SHOWDOWN ***
305358c7 collected $0.6 from pot
*** SUMMARY ***
Total pot $0.6 | Rake $0 | Jackpot $0 | Bingo $0 | Fortune $0 | Tax $0
Seat 1: 69b1cc3b (button) folded before Flop (didn't bet)
Seat 2: 756458a (small blind) folded before Flop
Seat 3: Hero (big blind) folded before Flop
Seat 4: 305358c7 collected ($0.6)
Seat 5: c60383b1 folded before Flop (didn't bet)
Seat 6: f8f6bb85 folded before Flop (didn't bet)


Poker Hand #RC3064929207: Hold'em No Limit ($0.1/$0.25) - 2024/11/13 23:45:42
Table 'RushAndCash5553018' 6-max Seat #1 is the button
Seat 1: dd3a606c ($24.5 in chips)
Seat 2: 59a81815 ($39.8 in chips)
Seat 3: 2cba9e37 ($70.85 in chips)
Seat 4: Hero ($64.88 in chips)
Seat 5: 26f05afc ($27.98 in chips)
Seat 6: 9a7eddcd ($46.78 in chips)
59a81815: posts small blind $0.1
2cba9e37: posts big blind $0.25
*** HOLE CARDS ***
Dealt to dd3a606c 
Dealt to 59a81815 
Dealt to 2cba9e37 
Dealt to Hero [7c Jc]
Dealt to 26f05afc 
Dealt to 9a7eddcd 
Hero: folds
26f05afc: folds
9a7eddcd: raises $0.3 to $0.55
dd3a606c: folds
59a81815: folds
2cba9e37: raises $1.5 to $2.05
9a7eddcd: folds
Uncalled bet ($1.5) returned to 2cba9e37
*** SHOWDOWN ***
2cba9e37 collected $1.14 from pot
*** SUMMARY ***
Total pot $1.2 | Rake $0.06 | Jackpot $0 | Bingo $0 | Fortune $0 | Tax $0
Seat 1: dd3a606c (button) folded before Flop (didn't bet)
Seat 2: 59a81815 (small blind) folded before Flop
Seat 3: 2cba9e37 (big blind) collected ($1.14)
Seat 4: Hero folded before Flop (didn't bet)
Seat 5: 26f05afc folded before Flop (didn't bet)
Seat 6: 9a7eddcd folded before Flop


Poker Hand #RC3064929195: Hold'em No Limit ($0.1/$0.25) - 2024/11/13 23:45:39
Table 'RushAndCash5553010' 6-max Seat #1 is the button
Seat 1: Hero ($64.88 in chips)
Seat 2: 75dfebe7 ($27.95 in chips)
Seat 3: 1e4d74cb ($56.31 in chips)
Seat 4: 1522621a ($28.79 in chips)
Seat 5: 5a45c48e ($26.93 in chips)
Seat 6: b272bedb ($29.41 in chips)
75dfebe7: posts small blind $0.1
1e4d74cb: posts big blind $0.25
*** HOLE CARDS ***
Dealt to Hero [Jc 6h]
Dealt to 75dfebe7 
Dealt to 1e4d74cb 
Dealt to 1522621a 
Dealt to 5a45c48e 
Dealt to b272bedb 
1522621a: folds
5a45c48e: folds
b272bedb: folds
Hero: folds
75dfebe7: folds
Uncalled bet ($0.15) returned to 1e4d74cb
*** SHOWDOWN ***
1e4d74cb collected $0.2 from pot
*** SUMMARY ***
Total pot $0.2 | Rake $0 | Jackpot $0 | Bingo $0 | Fortune $0 | Tax $0
Seat 1: Hero (button) folded before Flop (didn't bet)
Seat 2: 75dfebe7 (small blind) folded before Flop
Seat 3: 1e4d74cb (big blind) collected ($0.2)
Seat 4: 1522621a folded before Flop (didn't bet)
Seat 5: 5a45c48e folded before Flop (didn't bet)
Seat 6: b272bedb folded before Flop (didn't bet)


Poker Hand #RC3064929110: Hold'em No Limit ($0.1/$0.25) - 2024/11/13 23:45:18
Table 'RushAndCash5552948' 6-max Seat #1 is the button
Seat 1: e2c5f6b9 ($54.17 in chips)
Seat 2: 27140098 ($25.54 in chips)
Seat 3: 5c66fc0 ($50.51 in chips)
Seat 4: 1e4d74cb ($56.41 in chips)
Seat 5: b272bedb ($29.91 in chips)
Seat 6: Hero ($64.09 in chips)
27140098: posts small blind $0.1
5c66fc0: posts big blind $0.25
*** HOLE CARDS ***
Dealt to e2c5f6b9 
Dealt to 27140098 
Dealt to 5c66fc0 
Dealt to 1e4d74cb 
Dealt to b272bedb 
Dealt to Hero [Qd Ah]
1e4d74cb: folds
b272bedb: raises $0.25 to $0.5
Hero: raises $1.02 to $1.52
e2c5f6b9: folds
27140098: folds
5c66fc0: folds
b272bedb: folds
Uncalled bet ($1.02) returned to Hero
*** SHOWDOWN ***
Hero collected $1.29 from pot
*** SUMMARY ***
Total pot $1.35 | Rake $0.06 | Jackpot $0 | Bingo $0 | Fortune $0 | Tax $0
Seat 1: e2c5f6b9 (button) folded before Flop (didn't bet)
Seat 2: 27140098 (small blind) folded before Flop
Seat 3: 5c66fc0 (big blind) folded before Flop
Seat 4: 1e4d74cb folded before Flop (didn't bet)
Seat 5: b272bedb folded before Flop
Seat 6: Hero collected ($1.29)


Poker Hand #RC3064929091: Hold'em No Limit ($0.1/$0.25) - 2024/11/13 23:45:15
Table 'RushAndCash5552935' 6-max Seat #1 is the button
Seat 1: 97e9581b ($51.16 in chips)
Seat 2: 560c1b24 ($21.11 in chips)
Seat 3: 83f76c1f ($82.4 in chips)
Seat 4: ff11e7dc ($13.67 in chips)
Seat 5: Hero ($64.09 in chips)
Seat 6: b951f3c ($29.19 in chips)
560c1b24: posts small blind $0.1
83f76c1f: posts big blind $0.25
*** HOLE CARDS ***
Dealt to 97e9581b 
Dealt to 560c1b24 
Dealt to 83f76c1f 
Dealt to ff11e7dc 
Dealt to Hero [Ad 6s]
Dealt to b951f3c 
ff11e7dc: folds
Hero: folds
b951f3c: folds
97e9581b: folds
560c1b24: folds
Uncalled bet ($0.15) returned to 83f76c1f
*** SHOWDOWN ***
83f76c1f collected $0.2 from pot
*** SUMMARY ***
Total pot $0.2 | Rake $0 | Jackpot $0 | Bingo $0 | Fortune $0 | Tax $0
Seat 1: 97e9581b (button) folded before Flop (didn't bet)
Seat 2: 560c1b24 (small blind) folded before Flop
Seat 3: 83f76c1f (big blind) collected ($0.2)
Seat 4: ff11e7dc folded before Flop (didn't bet)
Seat 5: Hero folded before Flop (didn't bet)
Seat 6: b951f3c folded before Flop (didn't bet)


Poker Hand #RC3064929074: Hold'em No Limit ($0.1/$0.25) - 2024/11/13 23:45:11
Table 'RushAndCash5552923' 6-max Seat #1 is the button
Seat 1: 9e3b78f5 ($27.94 in chips)
Seat 2: Hero ($64.19 in chips)
Seat 3: 97e9581b ($51.41 in chips)
Seat 4: b951f3c ($29.19 in chips)
Seat 5: 2cba9e37 ($70.5 in chips)
Seat 6: 5fed56 ($15.64 in chips)
Hero: posts small blind $0.1
97e9581b: posts big blind $0.25
*** HOLE CARDS ***
Dealt to 9e3b78f5 
Dealt to Hero [9c 5c]
Dealt to 97e9581b 
Dealt to b951f3c 
Dealt to 2cba9e37 
Dealt to 5fed56 
b951f3c: folds
2cba9e37: raises $0.3 to $0.55
5fed56: folds
9e3b78f5: folds
Hero: folds
97e9581b: folds
Uncalled bet ($0.3) returned to 2cba9e37
*** SHOWDOWN ***
2cba9e37 collected $0.6 from pot
*** SUMMARY ***
Total pot $0.6 | Rake $0 | Jackpot $0 | Bingo $0 | Fortune $0 | Tax $0
Seat 1: 9e3b78f5 (button) folded before Flop (didn't bet)
Seat 2: Hero (small blind) folded before Flop
Seat 3: 97e9581b (big blind) folded before Flop
Seat 4: b951f3c folded before Flop (didn't bet)
Seat 5: 2cba9e37 collected ($0.6)
Seat 6: 5fed56 folded before Flop (didn't bet)


Poker Hand #RC3064929023: Hold'em No Limit ($0.1/$0.25) - 2024/11/13 23:45:00
Table 'RushAndCash5552890' 6-max Seat #1 is the button
Seat 1: 1348718e ($116.62 in chips)
Seat 2: f4518df6 ($43.71 in chips)
Seat 3: Hero ($64.44 in chips)
Seat 4: 9ea49c56 ($31.23 in chips)
Seat 5: ff3e9b27 ($13.55 in chips)
Seat 6: 6728189f ($36.74 in chips)
f4518df6: posts small blind $0.1
Hero: posts big blind $0.25
*** HOLE CARDS ***
Dealt to 1348718e 
Dealt to f4518df6 
Dealt to Hero [As Jc]
Dealt to 9ea49c56 
Dealt to ff3e9b27 
Dealt to 6728189f 
9ea49c56: raises $0.3 to $0.55
ff3e9b27: folds
6728189f: folds
1348718e: raises $1.11 to $1.66
f4518df6: folds
Hero: folds
9ea49c56: calls $1.11
*** FLOP *** [2h Kc 7h]
9ea49c56: checks
1348718e: bets $2.3
9ea49c56: folds
Uncalled bet ($2.3) returned to 1348718e
*** SHOWDOWN ***
1348718e collected $3.49 from pot
*** SUMMARY ***
Total pot $3.67 | Rake $0.18 | Jackpot $0 | Bingo $0 | Fortune $0 | Tax $0
Board [2h Kc 7h]
Seat 1: 1348718e (button) won ($3.49)
Seat 2: f4518df6 (small blind) folded before Flop
Seat 3: Hero (big blind) folded before Flop
Seat 4: 9ea49c56 folded on the Flop
Seat 5: ff3e9b27 folded before Flop (didn't bet)
Seat 6: 6728189f folded before Flop (didn't bet)


Poker Hand #RC3064929002: Hold'em No Limit ($0.1/$0.25) - 2024/11/13 23:44:57
Table 'RushAndCash5552876' 6-max Seat #1 is the button
Seat 1: ff3e9b27 ($13.55 in chips)
Seat 2: a26f46b5 ($25 in chips)
Seat 3: f4518df6 ($43.96 in chips)
Seat 4: Hero ($64.44 in chips)
Seat 5: 83f76c1f ($82.5 in chips)
Seat 6: 77c73963 ($20.29 in chips)
a26f46b5: posts small blind $0.1
f4518df6: posts big blind $0.25
*** HOLE CARDS ***
Dealt to ff3e9b27 
Dealt to a26f46b5 
Dealt to f4518df6 
Dealt to Hero [7s 6s]
Dealt to 83f76c1f 
Dealt to 77c73963 
Hero: folds
83f76c1f: folds
77c73963: folds
ff3e9b27: folds
a26f46b5: raises $0.5 to $0.75
f4518df6: folds
Uncalled bet ($0.5) returned to a26f46b5
*** SHOWDOWN ***
a26f46b5 collected $0.5 from pot
*** SUMMARY ***
Total pot $0.5 | Rake $0 | Jackpot $0 | Bingo $0 | Fortune $0 | Tax $0
Seat 1: ff3e9b27 (button) folded before Flop (didn't bet)
Seat 2: a26f46b5 (small blind) collected ($0.5)
Seat 3: f4518df6 (big blind) folded before Flop
Seat 4: Hero folded before Flop (didn't bet)
Seat 5: 83f76c1f folded before Flop (didn't bet)
Seat 6: 77c73963 folded before Flop (didn't bet)


Poker Hand #RC3064928986: Hold'em No Limit ($0.1/$0.25) - 2024/11/13 23:44:53
Table 'RushAndCash5552865' 6-max Seat #1 is the button
Seat 1: Hero ($64.44 in chips)
Seat 2: f358252a ($25.35 in chips)
Seat 3: 45f15be1 ($33.17 in chips)
Seat 4: be41246 ($25 in chips)
Seat 5: 40be4d64 ($35.78 in chips)
Seat 6: a1f7a290 ($25.2 in chips)
f358252a: posts small blind $0.1
45f15be1: posts big blind $0.25
*** HOLE CARDS ***
Dealt to Hero [6h 7d]
Dealt to f358252a 
Dealt to 45f15be1 
Dealt to be41246 
Dealt to 40be4d64 
Dealt to a1f7a290 
be41246: folds
40be4d64: folds
a1f7a290: folds
Hero: folds
f358252a: raises $0.5 to $0.75
45f15be1: calls $0.5
*** FLOP *** [8d Qh Qs]
f358252a: bets $0.5
45f15be1: raises $1.25 to $1.75
f358252a: calls $1.25
*** TURN *** [8d Qh Qs] [4c]
f358252a: checks
45f15be1: bets $2.75
f358252a: calls $2.75
*** RIVER *** [8d Qh Qs 4c] [Kd]
f358252a: checks
45f15be1: checks
f358252a: shows [Kh Qc] (Queens Full over Kings)
45f15be1: shows [8c As] (Pair of Queens and Pair of Eights)
*** SHOWDOWN ***
f358252a collected $9.53 from pot
*** SUMMARY ***
Total pot $10.5 | Rake $0.6 | Jackpot $0.37 | Bingo $0 | Fortune $0 | Tax $0
Board [8d Qh Qs 4c Kd]
Seat 1: Hero (button) folded before Flop (didn't bet)
Seat 2: f358252a (small blind) showed [Kh Qc] and won ($9.53) with Queens Full over Kings
Seat 3: 45f15be1 (big blind) showed [8c As] and lost with Pair of Queens and Pair of Eights
Seat 4: be41246 folded before Flop (didn't bet)
Seat 5: 40be4d64 folded before Flop (didn't bet)
Seat 6: a1f7a290 folded before Flop (didn't bet)


Poker Hand #RC3064928620: Hold'em No Limit ($0.1/$0.25) - 2024/11/13 23:43:38
Table 'RushAndCash5552614' 6-max Seat #1 is the button
Seat 1: ab0cd26 ($8.8 in chips)
Seat 2: 5fed56 ($12.21 in chips)
Seat 3: 6cfedabe ($26.94 in chips)
Seat 4: ff3e9b27 ($12.88 in chips)
Seat 5: 9e3b78f5 ($27.1 in chips)
Seat 6: Hero ($60.26 in chips)
5fed56: posts small blind $0.1
6cfedabe: posts big blind $0.25
*** HOLE CARDS ***
Dealt to ab0cd26 
Dealt to 5fed56 
Dealt to 6cfedabe 
Dealt to ff3e9b27 
Dealt to 9e3b78f5 
Dealt to Hero [Ac Ad]
ff3e9b27: folds
9e3b78f5: folds
Hero: raises $0.38 to $0.63
ab0cd26: raises $1.61 to $2.24
5fed56: folds
6cfedabe: folds
Hero: calls $1.61
*** FLOP *** [7h Qs 5d]
Hero: checks
ab0cd26: bets $2.42
Hero: calls $2.42
*** TURN *** [7h Qs 5d] [8h]
Hero: checks
ab0cd26: checks
*** RIVER *** [7h Qs 5d 8h] [3s]
Hero: bets $55.6 and is all-in
ab0cd26: folds
Uncalled bet ($55.6) returned to Hero
*** SHOWDOWN ***
Hero collected $8.84 from pot
*** SUMMARY ***
Total pot $9.67 | Rake $0.46 | Jackpot $0.37 | Bingo $0 | Fortune $0 | Tax $0
Board [7h Qs 5d 8h 3s]
Seat 1: ab0cd26 (button) folded on the River
Seat 2: 5fed56 (small blind) folded before Flop
Seat 3: 6cfedabe (big blind) folded before Flop
Seat 4: ff3e9b27 folded before Flop (didn't bet)
Seat 5: 9e3b78f5 folded before Flop (didn't bet)
Seat 6: Hero won ($8.84)


Poker Hand #RC3064928607: Hold'em No Limit ($0.1/$0.25) - 2024/11/13 23:43:35
Table 'RushAndCash5552604' 6-max Seat #1 is the button
Seat 1: 26f05afc ($31.42 in chips)
Seat 2: 97e9581b ($51.51 in chips)
Seat 3: bff90b46 ($38.66 in chips)
Seat 4: ab876643 ($25 in chips)
Seat 5: 6cfedabe ($26.94 in chips)
Seat 6: Hero ($60.26 in chips)
97e9581b: posts small blind $0.1
bff90b46: posts big blind $0.25
*** HOLE CARDS ***
Dealt to 26f05afc 
Dealt to 97e9581b 
Dealt to bff90b46 
Dealt to ab876643 
Dealt to 6cfedabe 
Dealt to Hero [3d Ts]
ab876643: folds
6cfedabe: folds
Hero: folds
26f05afc: folds
97e9581b: folds
Uncalled bet ($0.15) returned to bff90b46
*** SHOWDOWN ***
bff90b46 collected $0.2 from pot
*** SUMMARY ***
Total pot $0.2 | Rake $0 | Jackpot $0 | Bingo $0 | Fortune $0 | Tax $0
Seat 1: 26f05afc (button) folded before Flop (didn't bet)
Seat 2: 97e9581b (small blind) folded before Flop
Seat 3: bff90b46 (big blind) collected ($0.2)
Seat 4: ab876643 folded before Flop (didn't bet)
Seat 5: 6cfedabe folded before Flop (didn't bet)
Seat 6: Hero folded before Flop (didn't bet)


Poker Hand #RC3064928559: Hold'em No Limit ($0.1/$0.25) - 2024/11/13 23:43:24
Table 'RushAndCash5552570' 6-max Seat #1 is the button
Seat 1: 7ae24463 ($95.44 in chips)
Seat 2: Hero ($60.36 in chips)
Seat 3: 892679b3 ($29.62 in chips)
Seat 4: cf93ffc9 ($18.16 in chips)
Seat 5: 7c759787 ($51.02 in chips)
Seat 6: 6b931ea7 ($25.93 in chips)
Hero: posts small blind $0.1
892679b3: posts big blind $0.25
*** HOLE CARDS ***
Dealt to 7ae24463 
Dealt to Hero [7c 5c]
Dealt to 892679b3 
Dealt to cf93ffc9 
Dealt to 7c759787 
Dealt to 6b931ea7 
cf93ffc9: folds
7c759787: raises $0.25 to $0.5
6b931ea7: raises $1.25 to $1.75
7ae24463: folds
Hero: folds
892679b3: folds
7c759787: calls $1.25
*** FLOP *** [6d 3s Kc]
7c759787: bets $1.75
6b931ea7: calls $1.75
*** TURN *** [6d 3s Kc] [8s]
7c759787: checks
6b931ea7: checks
*** RIVER *** [6d 3s Kc 8s] [6s]
7c759787: checks
6b931ea7: bets $5.59
7c759787: folds
Uncalled bet ($5.59) returned to 6b931ea7
*** SHOWDOWN ***
6b931ea7 collected $6.99 from pot
*** SUMMARY ***
Total pot $7.35 | Rake $0.36 | Jackpot $0 | Bingo $0 | Fortune $0 | Tax $0
Board [6d 3s Kc 8s 6s]
Seat 1: 7ae24463 (button) folded before Flop (didn't bet)
Seat 2: Hero (small blind) folded before Flop
Seat 3: 892679b3 (big blind) folded before Flop
Seat 4: cf93ffc9 folded before Flop (didn't bet)
Seat 5: 7c759787 folded on the River
Seat 6: 6b931ea7 won ($6.99)


Poker Hand #RC3064928543: Hold'em No Limit ($0.1/$0.25) - 2024/11/13 23:43:21
Table 'RushAndCash5552559' 6-max Seat #1 is the button
Seat 1: Hero ($60.36 in chips)
Seat 2: 61046259 ($32.78 in chips)
Seat 3: 8fedbb58 ($26.45 in chips)
Seat 4: 1e8cfcb5 ($49.53 in chips)
Seat 5: 27140098 ($26.89 in chips)
Seat 6: ed4abcb7 ($25.78 in chips)
61046259: posts small blind $0.1
8fedbb58: posts big blind $0.25
*** HOLE CARDS ***
Dealt to Hero [3d Kh]
Dealt to 61046259 
Dealt to 8fedbb58 
Dealt to 1e8cfcb5 
Dealt to 27140098 
Dealt to ed4abcb7 
1e8cfcb5: folds
27140098: folds
ed4abcb7: folds
Hero: folds
61046259: folds
Uncalled bet ($0.15) returned to 8fedbb58
*** SHOWDOWN ***
8fedbb58 collected $0.2 from pot
*** SUMMARY ***
Total pot $0.2 | Rake $0 | Jackpot $0 | Bingo $0 | Fortune $0 | Tax $0
Seat 1: Hero (button) folded before Flop (didn't bet)
Seat 2: 61046259 (small blind) folded before Flop
Seat 3: 8fedbb58 (big blind) collected ($0.2)
Seat 4: 1e8cfcb5 folded before Flop (didn't bet)
Seat 5: 27140098 folded before Flop (didn't bet)
Seat 6: ed4abcb7 folded before Flop (didn't bet)


Poker Hand #RC3064928488: Hold'em No Limit ($0.1/$0.25) - 2024/11/13 23:43:12
Table 'RushAndCash5552521' 6-max Seat #1 is the button
Seat 1: 60a264ab ($26.68 in chips)
Seat 2: e61faa7e ($51.74 in chips)
Seat 3: Hero ($60.61 in chips)
Seat 4: 93e7b0bb ($89.11 in chips)
Seat 5: ff11e7dc ($13.79 in chips)
Seat 6: fc7bc737 ($37.89 in chips)
e61faa7e: posts small blind $0.1
Hero: posts big blind $0.25
*** HOLE CARDS ***
Dealt to 60a264ab 
Dealt to e61faa7e 
Dealt to Hero [8c 2s]
Dealt to 93e7b0bb 
Dealt to ff11e7dc 
Dealt to fc7bc737 
93e7b0bb: folds
ff11e7dc: raises $0.25 to $0.5
fc7bc737: raises $1.02 to $1.52
60a264ab: folds
e61faa7e: folds
Hero: folds
ff11e7dc: calls $1.02
*** FLOP *** [4s 6s 5d]
ff11e7dc: checks
fc7bc737: checks
*** TURN *** [4s 6s 5d] [Jc]
ff11e7dc: checks
fc7bc737: checks
*** RIVER *** [4s 6s 5d Jc] [5h]
ff11e7dc: bets $2.55
fc7bc737: folds
Uncalled bet ($2.55) returned to ff11e7dc
*** SHOWDOWN ***
ff11e7dc collected $3.22 from pot
*** SUMMARY ***
Total pot $3.39 | Rake $0.17 | Jackpot $0 | Bingo $0 | Fortune $0 | Tax $0
Board [4s 6s 5d Jc 5h]
Seat 1: 60a264ab (button) folded before Flop (didn't bet)
Seat 2: e61faa7e (small blind) folded before Flop
Seat 3: Hero (big blind) folded before Flop
Seat 4: 93e7b0bb folded before Flop (didn't bet)
Seat 5: ff11e7dc won ($3.22)
Seat 6: fc7bc737 folded on the River


Poker Hand #RC3064928447: Hold'em No Limit ($0.1/$0.25) - 2024/11/13 23:43:04
Table 'RushAndCash5552493' 6-max Seat #1 is the button
Seat 1: 7de9d197 ($188.79 in chips)
Seat 2: dd3a606c ($21.7 in chips)
Seat 3: e2f6ba09 ($32.74 in chips)
Seat 4: 1f52a6c9 ($25 in chips)
Seat 5: Hero ($60.61 in chips)
Seat 6: 9ea49c56 ($29.8 in chips)
dd3a606c: posts small blind $0.1
e2f6ba09: posts big blind $0.25
*** HOLE CARDS ***
Dealt to 7de9d197 
Dealt to dd3a606c 
Dealt to e2f6ba09 
Dealt to 1f52a6c9 
Dealt to Hero [Js 7s]
Dealt to 9ea49c56 
1f52a6c9: folds
Hero: folds
9ea49c56: folds
7de9d197: folds
dd3a606c: folds
Uncalled bet ($0.15) returned to e2f6ba09
*** SHOWDOWN ***
e2f6ba09 collected $0.2 from pot
*** SUMMARY ***
Total pot $0.2 | Rake $0 | Jackpot $0 | Bingo $0 | Fortune $0 | Tax $0
Seat 1: 7de9d197 (button) folded before Flop (didn't bet)
Seat 2: dd3a606c (small blind) folded before Flop
Seat 3: e2f6ba09 (big blind) collected ($0.2)
Seat 4: 1f52a6c9 folded before Flop (didn't bet)
Seat 5: Hero folded before Flop (didn't bet)
Seat 6: 9ea49c56 folded before Flop (didn't bet)


Poker Hand #RC3064928431: Hold'em No Limit ($0.1/$0.25) - 2024/11/13 23:43:01
Table 'RushAndCash5552481' 6-max Seat #1 is the button
Seat 1: dedad8c7 ($9.16 in chips)
Seat 2: 82f0bb92 ($26.36 in chips)
Seat 3: 7be8f7de ($149.62 in chips)
Seat 4: Hero ($60.61 in chips)
Seat 5: 99c9584f ($25 in chips)
Seat 6: e2f6ba09 ($32.74 in chips)
82f0bb92: posts small blind $0.1
7be8f7de: posts big blind $0.25
*** HOLE CARDS ***
Dealt to dedad8c7 
Dealt to 82f0bb92 
Dealt to 7be8f7de 
Dealt to Hero [3s Qs]
Dealt to 99c9584f 
Dealt to e2f6ba09 
Hero: folds
99c9584f: folds
e2f6ba09: folds
dedad8c7: raises $0.38 to $0.63
82f0bb92: folds
7be8f7de: folds
Uncalled bet ($0.38) returned to dedad8c7
*** SHOWDOWN ***
dedad8c7 collected $0.6 from pot
*** SUMMARY ***
Total pot $0.6 | Rake $0 | Jackpot $0 | Bingo $0 | Fortune $0 | Tax $0
Seat 1: dedad8c7 (button) collected ($0.6)
Seat 2: 82f0bb92 (small blind) folded before Flop
Seat 3: 7be8f7de (big blind) folded before Flop
Seat 4: Hero folded before Flop (didn't bet)
Seat 5: 99c9584f folded before Flop (didn't bet)
Seat 6: e2f6ba09 folded before Flop (didn't bet)


Poker Hand #RC3064928408: Hold'em No Limit ($0.1/$0.25) - 2024/11/13 23:42:57
Table 'RushAndCash5552465' 6-max Seat #1 is the button
Seat 1: Hero ($60.61 in chips)
Seat 2: 42e4c376 ($51.76 in chips)
Seat 3: 13e9a0f1 ($43.84 in chips)
Seat 4: f29a4f1d ($18.1 in chips)
Seat 5: 3e0f31d9 ($9.61 in chips)
Seat 6: 5fed56 ($12.56 in chips)
42e4c376: posts small blind $0.1
13e9a0f1: posts big blind $0.25
*** HOLE CARDS ***
Dealt to Hero [Qc 4s]
Dealt to 42e4c376 
Dealt to 13e9a0f1 
Dealt to f29a4f1d 
Dealt to 3e0f31d9 
Dealt to 5fed56 
f29a4f1d: folds
3e0f31d9: raises $0.25 to $0.5
5fed56: folds
Hero: folds
42e4c376: folds
13e9a0f1: folds
Uncalled bet ($0.25) returned to 3e0f31d9
*** SHOWDOWN ***
3e0f31d9 collected $0.6 from pot
*** SUMMARY ***
Total pot $0.6 | Rake $0 | Jackpot $0 | Bingo $0 | Fortune $0 | Tax $0
Seat 1: Hero (button) folded before Flop (didn't bet)
Seat 2: 42e4c376 (small blind) folded before Flop
Seat 3: 13e9a0f1 (big blind) folded before Flop
Seat 4: f29a4f1d folded before Flop (didn't bet)
Seat 5: 3e0f31d9 collected ($0.6)
Seat 6: 5fed56 folded before Flop (didn't bet)


Poker Hand #RC3064928382: Hold'em No Limit ($0.1/$0.25) - 2024/11/13 23:42:52
Table 'RushAndCash5552447' 6-max Seat #1 is the button
Seat 1: 116e96d6 ($33.23 in chips)
Seat 2: 5b111bee ($39.15 in chips)
Seat 3: 93e7b0bb ($89.36 in chips)
Seat 4: Hero ($60.61 in chips)
Seat 5: 3e29018a ($25 in chips)
Seat 6: 5d6a5c01 ($30.91 in chips)
5b111bee: posts small blind $0.1
93e7b0bb: posts big blind $0.25
*** HOLE CARDS ***
Dealt to 116e96d6 
Dealt to 5b111bee 
Dealt to 93e7b0bb 
Dealt to Hero [As 9c]
Dealt to 3e29018a 
Dealt to 5d6a5c01 
Hero: folds
3e29018a: raises $0.25 to $0.5
5d6a5c01: folds
116e96d6: folds
5b111bee: folds
93e7b0bb: folds
Uncalled bet ($0.25) returned to 3e29018a
*** SHOWDOWN ***
3e29018a collected $0.6 from pot
*** SUMMARY ***
Total pot $0.6 | Rake $0 | Jackpot $0 | Bingo $0 | Fortune $0 | Tax $0
Seat 1: 116e96d6 (button) folded before Flop (didn't bet)
Seat 2: 5b111bee (small blind) folded before Flop
Seat 3: 93e7b0bb (big blind) folded before Flop
Seat 4: Hero folded before Flop (didn't bet)
Seat 5: 3e29018a collected ($0.6)
Seat 6: 5d6a5c01 folded before Flop (didn't bet)


Poker Hand #RC3064928317: Hold'em No Limit ($0.1/$0.25) - 2024/11/13 23:42:38
Table 'RushAndCash5552400' 6-max Seat #1 is the button
Seat 1: 80d2690e ($39.45 in chips)
Seat 2: 4b688f45 ($35.3 in chips)
Seat 3: Hero ($60.86 in chips)
Seat 4: fd422566 ($36.33 in chips)
Seat 5: fd333540 ($38.09 in chips)
Seat 6: 4611e34a ($25 in chips)
4b688f45: posts small blind $0.1
Hero: posts big blind $0.25
*** HOLE CARDS ***
Dealt to 80d2690e 
Dealt to 4b688f45 
Dealt to Hero [4s Ah]
Dealt to fd422566 
Dealt to fd333540 
Dealt to 4611e34a 
fd422566: folds
fd333540: raises $0.38 to $0.63
4611e34a: folds
80d2690e: calls $0.63
4b688f45: folds
Hero: folds
*** FLOP *** [2h Kc Kd]
fd333540: checks
80d2690e: checks
*** TURN *** [2h Kc Kd] [9c]
fd333540: bets $1.07
80d2690e: folds
Uncalled bet ($1.07) returned to fd333540
*** SHOWDOWN ***
fd333540 collected $1.53 from pot
*** SUMMARY ***
Total pot $1.61 | Rake $0.08 | Jackpot $0 | Bingo $0 | Fortune $0 | Tax $0
Board [2h Kc Kd 9c]
Seat 1: 80d2690e (button) folded on the Turn
Seat 2: 4b688f45 (small blind) folded before Flop
Seat 3: Hero (big blind) folded before Flop
Seat 4: fd422566 folded before Flop (didn't bet)
Seat 5: fd333540 won ($1.53)
Seat 6: 4611e34a folded before Flop (didn't bet)


Poker Hand #RC3064928074: Hold'em No Limit ($0.1/$0.25) - 2024/11/13 23:41:44
Table 'RushAndCash5552235' 6-max Seat #1 is the button
Seat 1: 9f09b682 ($150.32 in chips)
Seat 2: Hero ($59.72 in chips)
Seat 3: f8ea8bce ($25 in chips)
Seat 4: fd422566 ($37.33 in chips)
Seat 5: c3da2063 ($51.37 in chips)
Seat 6: 33a2b417 ($60.56 in chips)
Hero: posts small blind $0.1
f8ea8bce: posts big blind $0.25
*** HOLE CARDS ***
Dealt to 9f09b682 
Dealt to Hero [Ad Qs]
Dealt to f8ea8bce 
Dealt to fd422566 
Dealt to c3da2063 
Dealt to 33a2b417 
fd422566: raises $0.25 to $0.5
c3da2063: folds
33a2b417: folds
9f09b682: folds
Hero: calls $0.4
f8ea8bce: folds
*** FLOP *** [Kd Ks As]
Hero: checks
fd422566: bets $0.5
Hero: calls $0.5
*** TURN *** [Kd Ks As] [6h]
Hero: checks
fd422566: checks
*** RIVER *** [Kd Ks As 6h] [Jc]
Hero: bets $1.69
fd422566: folds
Uncalled bet ($1.69) returned to Hero
*** SHOWDOWN ***
Hero collected $2.14 from pot
*** SUMMARY ***
Total pot $2.25 | Rake $0.11 | Jackpot $0 | Bingo $0 | Fortune $0 | Tax $0
Board [Kd Ks As 6h Jc]
Seat 1: 9f09b682 (button) folded before Flop (didn't bet)
Seat 2: Hero (small blind) won ($2.14)
Seat 3: f8ea8bce (big blind) folded before Flop
Seat 4: fd422566 folded on the River
Seat 5: c3da2063 folded before Flop (didn't bet)
Seat 6: 33a2b417 folded before Flop (didn't bet)


Poker Hand #RC3064928053: Hold'em No Limit ($0.1/$0.25) - 2024/11/13 23:41:40
Table 'RushAndCash5552219' 6-max Seat #1 is the button
Seat 1: 1bdfda7b ($29.53 in chips)
Seat 2: 94269c4b ($62.21 in chips)
Seat 3: 33726812 ($57.16 in chips)
Seat 4: 1e8cfcb5 ($51.01 in chips)
Seat 5: fb0a3365 ($50.31 in chips)
Seat 6: Hero ($59.72 in chips)
94269c4b: posts small blind $0.1
33726812: posts big blind $0.25
*** HOLE CARDS ***
Dealt to 1bdfda7b 
Dealt to 94269c4b 
Dealt to 33726812 
Dealt to 1e8cfcb5 
Dealt to fb0a3365 
Dealt to Hero [5s Js]
1e8cfcb5: folds
fb0a3365: folds
Hero: folds
1bdfda7b: folds
94269c4b: raises $0.38 to $0.63
33726812: folds
Uncalled bet ($0.38) returned to 94269c4b
*** SHOWDOWN ***
94269c4b collected $0.5 from pot
*** SUMMARY ***
Total pot $0.5 | Rake $0 | Jackpot $0 | Bingo $0 | Fortune $0 | Tax $0
Seat 1: 1bdfda7b (button) folded before Flop (didn't bet)
Seat 2: 94269c4b (small blind) collected ($0.5)
Seat 3: 33726812 (big blind) folded before Flop
Seat 4: 1e8cfcb5 folded before Flop (didn't bet)
Seat 5: fb0a3365 folded before Flop (didn't bet)
Seat 6: Hero folded before Flop (didn't bet)


Poker Hand #RC3064928038: Hold'em No Limit ($0.1/$0.25) - 2024/11/13 23:41:36
Table 'RushAndCash5552209' 6-max Seat #1 is the button
Seat 1: 97e9581b ($49.57 in chips)
Seat 2: 347ff50a ($28.97 in chips)
Seat 3: e2f6ba09 ($33.27 in chips)
Seat 4: Hero ($59.72 in chips)
Seat 5: b94a9523 ($65.45 in chips)
Seat 6: 8a34188a ($29.51 in chips)
347ff50a: posts small blind $0.1
e2f6ba09: posts big blind $0.25
*** HOLE CARDS ***
Dealt to 97e9581b 
Dealt to 347ff50a 
Dealt to e2f6ba09 
Dealt to Hero [5c 6d]
Dealt to b94a9523 
Dealt to 8a34188a 
Hero: folds
b94a9523: folds
8a34188a: folds
97e9581b: folds
347ff50a: folds
Uncalled bet ($0.15) returned to e2f6ba09
*** SHOWDOWN ***
e2f6ba09 collected $0.2 from pot
*** SUMMARY ***
Total pot $0.2 | Rake $0 | Jackpot $0 | Bingo $0 | Fortune $0 | Tax $0
Seat 1: 97e9581b (button) folded before Flop (didn't bet)
Seat 2: 347ff50a (small blind) folded before Flop
Seat 3: e2f6ba09 (big blind) collected ($0.2)
Seat 4: Hero folded before Flop (didn't bet)
Seat 5: b94a9523 folded before Flop (didn't bet)
Seat 6: 8a34188a folded before Flop (didn't bet)


Poker Hand #RC3064928023: Hold'em No Limit ($0.1/$0.25) - 2024/11/13 23:41:33
Table 'RushAndCash5552198' 6-max Seat #1 is the button
Seat 1: fa2fe17f ($27.23 in chips)
Seat 2: e2f6ba09 ($33.37 in chips)
Seat 3: b104b327 ($25 in chips)
Seat 4: b94a9523 ($65.45 in chips)
Seat 5: Hero ($59.72 in chips)
Seat 6: 97e9581b ($49.57 in chips)
e2f6ba09: posts small blind $0.1
b104b327: posts big blind $0.25
*** HOLE CARDS ***
Dealt to fa2fe17f 
Dealt to e2f6ba09 
Dealt to b104b327 
Dealt to b94a9523 
Dealt to Hero [6s Qd]
Dealt to 97e9581b 
b94a9523: folds
Hero: folds
97e9581b: folds
fa2fe17f: raises $0.38 to $0.63
e2f6ba09: folds
b104b327: calls $0.38
*** FLOP *** [5c 7s 8s]
b104b327: checks
fa2fe17f: bets $0.71
b104b327: calls $0.71
*** TURN *** [5c 7s 8s] [Js]
b104b327: checks
fa2fe17f: checks
*** RIVER *** [5c 7s 8s Js] [6c]
b104b327: checks
fa2fe17f: checks
b104b327: shows [7c Ad] (Pair of Sevens)
fa2fe17f: shows [8c Ah] (Pair of Eights)
*** SHOWDOWN ***
fa2fe17f collected $2.65 from pot
*** SUMMARY ***
Total pot $2.78 | Rake $0.13 | Jackpot $0 | Bingo $0 | Fortune $0 | Tax $0
Board [5c 7s 8s Js 6c]
Seat 1: fa2fe17f (button) showed [8c Ah] and won ($2.65) with Pair of Eights
Seat 2: e2f6ba09 (small blind) folded before Flop
Seat 3: b104b327 (big blind) showed [7c Ad] and lost with Pair of Sevens
Seat 4: b94a9523 folded before Flop (didn't bet)
Seat 5: Hero folded before Flop (didn't bet)
Seat 6: 97e9581b folded before Flop (didn't bet)


Poker Hand #RC3064927889: Hold'em No Limit ($0.1/$0.25) - 2024/11/13 23:41:04
Table 'RushAndCash5552107' 6-max Seat #1 is the button
Seat 1: Hero ($60.47 in chips)
Seat 2: 3dc9b921 ($25 in chips)
Seat 3: aaabe5ad ($26.69 in chips)
Seat 4: 7c759787 ($50.2 in chips)
Seat 5: 93b99c9c ($49.77 in chips)
Seat 6: db95ce42 ($14.62 in chips)
3dc9b921: posts small blind $0.1
aaabe5ad: posts big blind $0.25
*** HOLE CARDS ***
Dealt to Hero [3s Ks]
Dealt to 3dc9b921 
Dealt to aaabe5ad 
Dealt to 7c759787 
Dealt to 93b99c9c 
Dealt to db95ce42 
7c759787: folds
93b99c9c: folds
db95ce42: calls $0.25
Hero: raises $0.5 to $0.75
3dc9b921: folds
aaabe5ad: raises $2.25 to $3
db95ce42: folds
Hero: folds
Uncalled bet ($2.25) returned to aaabe5ad
*** SHOWDOWN ***
aaabe5ad collected $1.76 from pot
*** SUMMARY ***
Total pot $1.85 | Rake $0.09 | Jackpot $0 | Bingo $0 | Fortune $0 | Tax $0
Seat 1: Hero (button) folded before Flop
Seat 2: 3dc9b921 (small blind) folded before Flop
Seat 3: aaabe5ad (big blind) collected ($1.76)
Seat 4: 7c759787 folded before Flop (didn't bet)
Seat 5: 93b99c9c folded before Flop (didn't bet)
Seat 6: db95ce42 folded before Flop


Poker Hand #RC3064927810: Hold'em No Limit ($0.1/$0.25) - 2024/11/13 23:40:47
Table 'RushAndCash5552055' 6-max Seat #1 is the button
Seat 1: 60a264ab ($25.74 in chips)
Seat 2: Hero ($60.22 in chips)
Seat 3: 44a58481 ($42.27 in chips)
Seat 4: fe214925 ($75.18 in chips)
Seat 5: c28eff03 ($74.8 in chips)
Seat 6: 94d45885 ($38.78 in chips)
Hero: posts small blind $0.1
44a58481: posts big blind $0.25
*** HOLE CARDS ***
Dealt to 60a264ab 
Dealt to Hero [9h 9s]
Dealt to 44a58481 
Dealt to fe214925 
Dealt to c28eff03 
Dealt to 94d45885 
fe214925: folds
c28eff03: folds
94d45885: folds
60a264ab: folds
Hero: raises $0.5 to $0.75
44a58481: folds
Uncalled bet ($0.5) returned to Hero
*** SHOWDOWN ***
Hero collected $0.5 from pot
*** SUMMARY ***
Total pot $0.5 | Rake $0 | Jackpot $0 | Bingo $0 | Fortune $0 | Tax $0
Seat 1: 60a264ab (button) folded before Flop (didn't bet)
Seat 2: Hero (small blind) collected ($0.5)
Seat 3: 44a58481 (big blind) folded before Flop
Seat 4: fe214925 folded before Flop (didn't bet)
Seat 5: c28eff03 folded before Flop (didn't bet)
Seat 6: 94d45885 folded before Flop (didn't bet)


Poker Hand #RC3064927540: Hold'em No Limit ($0.1/$0.25) - 2024/11/13 23:39:52
Table 'RushAndCash5551867' 6-max Seat #1 is the button
Seat 1: e1726e67 ($31.13 in chips)
Seat 2: 7a4c8cfe ($25 in chips)
Seat 3: Hero ($59.47 in chips)
Seat 4: 1348718e ($115.43 in chips)
Seat 5: 2e2db69 ($41.63 in chips)
Seat 6: 7ae24463 ($99.31 in chips)
7a4c8cfe: posts small blind $0.1
Hero: posts big blind $0.25
*** HOLE CARDS ***
Dealt to e1726e67 
Dealt to 7a4c8cfe 
Dealt to Hero [8d Jh]
Dealt to 1348718e 
Dealt to 2e2db69 
Dealt to 7ae24463 
1348718e: folds
2e2db69: folds
7ae24463: folds
e1726e67: folds
7a4c8cfe: raises $0.25 to $0.5
Hero: calls $0.25
*** FLOP *** [Kh 7s 9c]
7a4c8cfe: checks
Hero: checks
*** TURN *** [Kh 7s 9c] [3c]
7a4c8cfe: bets $0.33
Hero: raises $0.92 to $1.25
7a4c8cfe: folds
Uncalled bet ($0.92) returned to Hero
*** SHOWDOWN ***
Hero collected $1.58 from pot
*** SUMMARY ***
Total pot $1.66 | Rake $0.08 | Jackpot $0 | Bingo $0 | Fortune $0 | Tax $0
Board [Kh 7s 9c 3c]
Seat 1: e1726e67 (button) folded before Flop (didn't bet)
Seat 2: 7a4c8cfe (small blind) folded on the Turn
Seat 3: Hero (big blind) won ($1.58)
Seat 4: 1348718e folded before Flop (didn't bet)
Seat 5: 2e2db69 folded before Flop (didn't bet)
Seat 6: 7ae24463 folded before Flop (didn't bet)


Poker Hand #RC3064927525: Hold'em No Limit ($0.1/$0.25) - 2024/11/13 23:39:48
Table 'RushAndCash5551857' 6-max Seat #1 is the button
Seat 1: 2c809e2f ($26.97 in chips)
Seat 2: 676a4409 ($25.1 in chips)
Seat 3: 7ae24463 ($99.56 in chips)
Seat 4: Hero ($59.47 in chips)
Seat 5: d1e50a91 ($30.19 in chips)
Seat 6: 8dcf69c4 ($25.69 in chips)
676a4409: posts small blind $0.1
7ae24463: posts big blind $0.25
*** HOLE CARDS ***
Dealt to 2c809e2f 
Dealt to 676a4409 
Dealt to 7ae24463 
Dealt to Hero [4d 6c]
Dealt to d1e50a91 
Dealt to 8dcf69c4 
Hero: folds
d1e50a91: folds
8dcf69c4: folds
2c809e2f: folds
676a4409: folds
Uncalled bet ($0.15) returned to 7ae24463
*** SHOWDOWN ***
7ae24463 collected $0.2 from pot
*** SUMMARY ***
Total pot $0.2 | Rake $0 | Jackpot $0 | Bingo $0 | Fortune $0 | Tax $0
Seat 1: 2c809e2f (button) folded before Flop (didn't bet)
Seat 2: 676a4409 (small blind) folded before Flop
Seat 3: 7ae24463 (big blind) collected ($0.2)
Seat 4: Hero folded before Flop (didn't bet)
Seat 5: d1e50a91 folded before Flop (didn't bet)
Seat 6: 8dcf69c4 folded before Flop (didn't bet)


Poker Hand #RC3064927509: Hold'em No Limit ($0.1/$0.25) - 2024/11/13 23:39:44
Table 'RushAndCash5551846' 6-max Seat #1 is the button
Seat 1: 79497d67 ($22.01 in chips)
Seat 2: 2d78f400 ($26.21 in chips)
Seat 3: ff11e7dc ($17.26 in chips)
Seat 4: 6516fa48 ($38.88 in chips)
Seat 5: Hero ($59.47 in chips)
Seat 6: ed4abcb7 ($25.35 in chips)
2d78f400: posts small blind $0.1
ff11e7dc: posts big blind $0.25
*** HOLE CARDS ***
Dealt to 79497d67 
Dealt to 2d78f400 
Dealt to ff11e7dc 
Dealt to 6516fa48 
Dealt to Hero [3d 2h]
Dealt to ed4abcb7 
6516fa48: raises $0.25 to $0.5
Hero: folds
ed4abcb7: folds
79497d67: calls $0.5
2d78f400: folds
ff11e7dc: folds
*** FLOP *** [8d 7c Js]
6516fa48: bets $0.68
79497d67: folds
Uncalled bet ($0.68) returned to 6516fa48
*** SHOWDOWN ***
6516fa48 collected $1.29 from pot
*** SUMMARY ***
Total pot $1.35 | Rake $0.06 | Jackpot $0 | Bingo $0 | Fortune $0 | Tax $0
Board [8d 7c Js]
Seat 1: 79497d67 (button) folded on the Flop
Seat 2: 2d78f400 (small blind) folded before Flop
Seat 3: ff11e7dc (big blind) folded before Flop
Seat 4: 6516fa48 won ($1.29)
Seat 5: Hero folded before Flop (didn't bet)
Seat 6: ed4abcb7 folded before Flop (didn't bet)


Poker Hand #RC3064927495: Hold'em No Limit ($0.1/$0.25) - 2024/11/13 23:39:41
Table 'RushAndCash5551836' 6-max Seat #1 is the button
Seat 1: 69b1cc3b ($25.93 in chips)
Seat 2: b8f4965e ($45.05 in chips)
Seat 3: 892679b3 ($32.77 in chips)
Seat 4: fc7bc737 ($36.76 in chips)
Seat 5: Hero ($59.47 in chips)
Seat 6: 33a2b417 ($61.46 in chips)
b8f4965e: posts small blind $0.1
892679b3: posts big blind $0.25
*** HOLE CARDS ***
Dealt to 69b1cc3b 
Dealt to b8f4965e 
Dealt to 892679b3 
Dealt to fc7bc737 
Dealt to Hero [5s 7h]
Dealt to 33a2b417 
fc7bc737: folds
Hero: folds
33a2b417: folds
69b1cc3b: folds
b8f4965e: folds
Uncalled bet ($0.15) returned to 892679b3
*** SHOWDOWN ***
892679b3 collected $0.2 from pot
*** SUMMARY ***
Total pot $0.2 | Rake $0 | Jackpot $0 | Bingo $0 | Fortune $0 | Tax $0
Seat 1: 69b1cc3b (button) folded before Flop (didn't bet)
Seat 2: b8f4965e (small blind) folded before Flop
Seat 3: 892679b3 (big blind) collected ($0.2)
Seat 4: fc7bc737 folded before Flop (didn't bet)
Seat 5: Hero folded before Flop (didn't bet)
Seat 6: 33a2b417 folded before Flop (didn't bet)


Poker Hand #RC3064927478: Hold'em No Limit ($0.1/$0.25) - 2024/11/13 23:39:37
Table 'RushAndCash5551825' 6-max Seat #1 is the button
Seat 1: Hero ($59.47 in chips)
Seat 2: 75dfebe7 ($29.98 in chips)
Seat 3: 9a7eddcd ($41.7 in chips)
Seat 4: 849aa806 ($48.77 in chips)
Seat 5: cfeba347 ($13.61 in chips)
Seat 6: 347ff50a ($28.58 in chips)
75dfebe7: posts small blind $0.1
9a7eddcd: posts big blind $0.25
*** HOLE CARDS ***
Dealt to Hero [3c 2c]
Dealt to 75dfebe7 
Dealt to 9a7eddcd 
Dealt to 849aa806 
Dealt to cfeba347 
Dealt to 347ff50a 
849aa806: folds
cfeba347: raises $0.25 to $0.5
347ff50a: folds
Hero: folds
75dfebe7: raises $1.75 to $2.25
9a7eddcd: folds
cfeba347: folds
Uncalled bet ($1.75) returned to 75dfebe7
*** SHOWDOWN ***
75dfebe7 collected $1.19 from pot
*** SUMMARY ***
Total pot $1.25 | Rake $0.06 | Jackpot $0 | Bingo $0 | Fortune $0 | Tax $0
Seat 1: Hero (button) folded before Flop (didn't bet)
Seat 2: 75dfebe7 (small blind) collected ($1.19)
Seat 3: 9a7eddcd (big blind) folded before Flop
Seat 4: 849aa806 folded before Flop (didn't bet)
Seat 5: cfeba347 folded before Flop
Seat 6: 347ff50a folded before Flop (didn't bet)


Poker Hand #RC3064927461: Hold'em No Limit ($0.1/$0.25) - 2024/11/13 23:39:33
Table 'RushAndCash5551815' 6-max Seat #1 is the button
Seat 1: dd3a606c ($22.89 in chips)
Seat 2: Hero ($59.57 in chips)
Seat 3: 849e9dc2 ($56.95 in chips)
Seat 4: 8a4515f0 ($25.08 in chips)
Seat 5: ef0c02ee ($48.38 in chips)
Seat 6: 44a58481 ($51.42 in chips)
Hero: posts small blind $0.1
849e9dc2: posts big blind $0.25
*** HOLE CARDS ***
Dealt to dd3a606c 
Dealt to Hero [7s 5h]
Dealt to 849e9dc2 
Dealt to 8a4515f0 
Dealt to ef0c02ee 
Dealt to 44a58481 
8a4515f0: folds
ef0c02ee: raises $0.25 to $0.5
44a58481: folds
dd3a606c: folds
Hero: folds
849e9dc2: calls $0.25
*** FLOP *** [Ac Kc 2c]
849e9dc2: checks
ef0c02ee: checks
*** TURN *** [Ac Kc 2c] [3s]
849e9dc2: checks
ef0c02ee: checks
*** RIVER *** [Ac Kc 2c 3s] [Tc]
849e9dc2: checks
ef0c02ee: checks
849e9dc2: shows [Qs 9s] (Ace-High)
ef0c02ee: shows [7h Ah] (Pair of Aces)
*** SHOWDOWN ***
ef0c02ee collected $1.05 from pot
*** SUMMARY ***
Total pot $1.1 | Rake $0.05 | Jackpot $0 | Bingo $0 | Fortune $0 | Tax $0
Board [Ac Kc 2c 3s Tc]
Seat 1: dd3a606c (button) folded before Flop (didn't bet)
Seat 2: Hero (small blind) folded before Flop
Seat 3: 849e9dc2 (big blind) showed [Qs 9s] and lost with Ace-High
Seat 4: 8a4515f0 folded before Flop (didn't bet)
Seat 5: ef0c02ee showed [7h Ah] and won ($1.05) with Pair of Aces
Seat 6: 44a58481 folded before Flop (didn't bet)


Poker Hand #RC3064927093: Hold'em No Limit ($0.1/$0.25) - 2024/11/13 23:38:09
Table 'RushAndCash5551569' 6-max Seat #1 is the button
Seat 1: e3eb15d9 ($45.28 in chips)
Seat 2: 2efa7524 ($47.93 in chips)
Seat 3: Hero ($58.64 in chips)
Seat 4: 2043c499 ($25.46 in chips)
Seat 5: ef0c02ee ($48.88 in chips)
Seat 6: 3886afa4 ($25 in chips)
2efa7524: posts small blind $0.1
Hero: posts big blind $0.25
*** HOLE CARDS ***
Dealt to e3eb15d9 
Dealt to 2efa7524 
Dealt to Hero [Kh Js]
Dealt to 2043c499 
Dealt to ef0c02ee 
Dealt to 3886afa4 
2043c499: folds
ef0c02ee: raises $0.25 to $0.5
3886afa4: folds
e3eb15d9: folds
2efa7524: calls $0.4
Hero: calls $0.25
*** FLOP *** [2h Qc 4c]
2efa7524: checks
Hero: checks
ef0c02ee: checks
*** TURN *** [2h Qc 4c] [Jc]
2efa7524: checks
Hero: checks
ef0c02ee: checks
*** RIVER *** [2h Qc 4c Jc] [6h]
2efa7524: checks
Hero: bets $0.83
ef0c02ee: folds
2efa7524: folds
Uncalled bet ($0.83) returned to Hero
*** SHOWDOWN ***
Hero collected $1.43 from pot
*** SUMMARY ***
Total pot $1.5 | Rake $0.07 | Jackpot $0 | Bingo $0 | Fortune $0 | Tax $0
Board [2h Qc 4c Jc 6h]
Seat 1: e3eb15d9 (button) folded before Flop (didn't bet)
Seat 2: 2efa7524 (small blind) folded on the River
Seat 3: Hero (big blind) won ($1.43)
Seat 4: 2043c499 folded before Flop (didn't bet)
Seat 5: ef0c02ee folded on the River
Seat 6: 3886afa4 folded before Flop (didn't bet)


Poker Hand #RC3064927070: Hold'em No Limit ($0.1/$0.25) - 2024/11/13 23:38:02
Table 'RushAndCash5551554' 6-max Seat #1 is the button
Seat 1: eb20af23 ($50.16 in chips)
Seat 2: 1b2f7e3b ($67.07 in chips)
Seat 3: 10ea95b3 ($111.67 in chips)
Seat 4: 935e24b1 ($25 in chips)
Seat 5: 54b87cef ($12.14 in chips)
Seat 6: Hero ($58.64 in chips)
1b2f7e3b: posts small blind $0.1
10ea95b3: posts big blind $0.25
*** HOLE CARDS ***
Dealt to eb20af23 
Dealt to 1b2f7e3b 
Dealt to 10ea95b3 
Dealt to 935e24b1 
Dealt to 54b87cef 
Dealt to Hero [2s As]
935e24b1: raises $0.25 to $0.5
54b87cef: folds
Hero: folds
eb20af23: folds
1b2f7e3b: folds
10ea95b3: folds
Uncalled bet ($0.25) returned to 935e24b1
*** SHOWDOWN ***
935e24b1 collected $0.6 from pot
*** SUMMARY ***
Total pot $0.6 | Rake $0 | Jackpot $0 | Bingo $0 | Fortune $0 | Tax $0
Seat 1: eb20af23 (button) folded before Flop (didn't bet)
Seat 2: 1b2f7e3b (small blind) folded before Flop
Seat 3: 10ea95b3 (big blind) folded before Flop
Seat 4: 935e24b1 collected ($0.6)
Seat 5: 54b87cef folded before Flop (didn't bet)
Seat 6: Hero folded before Flop (didn't bet)


Poker Hand #RC3064927049: Hold'em No Limit ($0.1/$0.25) - 2024/11/13 23:37:58
Table 'RushAndCash5551538' 6-max Seat #1 is the button
Seat 1: 52ece0f ($148.36 in chips)
Seat 2: 97e9581b ($47.14 in chips)
Seat 3: 3dc9b921 ($25 in chips)
Seat 4: fb0a3365 ($45.83 in chips)
Seat 5: 10ea95b3 ($111.67 in chips)
Seat 6: Hero ($58.64 in chips)
97e9581b: posts small blind $0.1
3dc9b921: posts big blind $0.25
*** HOLE CARDS ***
Dealt to 52ece0f 
Dealt to 97e9581b 
Dealt to 3dc9b921 
Dealt to fb0a3365 
Dealt to 10ea95b3 
Dealt to Hero [Qd 3h]
fb0a3365: folds
10ea95b3: folds
Hero: folds
52ece0f: raises $0.25 to $0.5
97e9581b: folds
3dc9b921: calls $0.25
*** FLOP *** [6s Th 8h]
3dc9b921: checks
52ece0f: bets $0.61
3dc9b921: calls $0.61
*** TURN *** [6s Th 8h] [3d]
3dc9b921: checks
52ece0f: bets $3.14
3dc9b921: folds
Uncalled bet ($3.14) returned to 52ece0f
*** SHOWDOWN ***
52ece0f collected $2.21 from pot
*** SUMMARY ***
Total pot $2.32 | Rake $0.11 | Jackpot $0 | Bingo $0 | Fortune $0 | Tax $0
Board [6s Th 8h 3d]
Seat 1: 52ece0f (button) won ($2.21)
Seat 2: 97e9581b (small blind) folded before Flop
Seat 3: 3dc9b921 (big blind) folded on the Turn
Seat 4: fb0a3365 folded before Flop (didn't bet)
Seat 5: 10ea95b3 folded before Flop (didn't bet)
Seat 6: Hero folded before Flop (didn't bet)


Poker Hand #RC3064927030: Hold'em No Limit ($0.1/$0.25) - 2024/11/13 23:37:54
Table 'RushAndCash5551523' 6-max Seat #1 is the button
Seat 1: 7db7fdb0 ($11.8 in chips)
Seat 2: c9f0bda9 ($51.8 in chips)
Seat 3: 9ea49c56 ($28.04 in chips)
Seat 4: 10ea95b3 ($111.67 in chips)
Seat 5: e2f6ba09 ($25.08 in chips)
Seat 6: Hero ($58.64 in chips)
c9f0bda9: posts small blind $0.1
9ea49c56: posts big blind $0.25
*** HOLE CARDS ***
Dealt to 7db7fdb0 
Dealt to c9f0bda9 
Dealt to 9ea49c56 
Dealt to 10ea95b3 
Dealt to e2f6ba09 
Dealt to Hero [8d 7h]
10ea95b3: folds
e2f6ba09: folds
Hero: folds
7db7fdb0: folds
c9f0bda9: folds
Uncalled bet ($0.15) returned to 9ea49c56
*** SHOWDOWN ***
9ea49c56 collected $0.2 from pot
*** SUMMARY ***
Total pot $0.2 | Rake $0 | Jackpot $0 | Bingo $0 | Fortune $0 | Tax $0
Seat 1: 7db7fdb0 (button) folded before Flop (didn't bet)
Seat 2: c9f0bda9 (small blind) folded before Flop
Seat 3: 9ea49c56 (big blind) collected ($0.2)
Seat 4: 10ea95b3 folded before Flop (didn't bet)
Seat 5: e2f6ba09 folded before Flop (didn't bet)
Seat 6: Hero folded before Flop (didn't bet)


Poker Hand #RC3064927014: Hold'em No Limit ($0.1/$0.25) - 2024/11/13 23:37:50
Table 'RushAndCash5551511' 6-max Seat #1 is the button
Seat 1: 24d28860 ($25 in chips)
Seat 2: 6469714b ($41.74 in chips)
Seat 3: fb0a3365 ($46.08 in chips)
Seat 4: Hero ($58.64 in chips)
Seat 5: 569aae73 ($30.92 in chips)
Seat 6: 9ea49c56 ($28.04 in chips)
6469714b: posts small blind $0.1
fb0a3365: posts big blind $0.25
*** HOLE CARDS ***
Dealt to 24d28860 
Dealt to 6469714b 
Dealt to fb0a3365 
Dealt to Hero [3d 2d]
Dealt to 569aae73 
Dealt to 9ea49c56 
Hero: folds
569aae73: folds
9ea49c56: folds
24d28860: raises $0.4 to $0.65
6469714b: folds
fb0a3365: folds
Uncalled bet ($0.4) returned to 24d28860
*** SHOWDOWN ***
24d28860 collected $0.6 from pot
*** SUMMARY ***
Total pot $0.6 | Rake $0 | Jackpot $0 | Bingo $0 | Fortune $0 | Tax $0
Seat 1: 24d28860 (button) collected ($0.6)
Seat 2: 6469714b (small blind) folded before Flop
Seat 3: fb0a3365 (big blind) folded before Flop
Seat 4: Hero folded before Flop (didn't bet)
Seat 5: 569aae73 folded before Flop (didn't bet)
Seat 6: 9ea49c56 folded before Flop (didn't bet)


Poker Hand #RC3064926994: Hold'em No Limit ($0.1/$0.25) - 2024/11/13 23:37:47
Table 'RushAndCash5551497' 6-max Seat #1 is the button
Seat 1: Hero ($58.64 in chips)
Seat 2: a9b98494 ($53.6 in chips)
Seat 3: 3886afa4 ($25 in chips)
Seat 4: f5a0b62d ($46.8 in chips)
Seat 5: 94d45885 ($34.15 in chips)
Seat 6: 19db38b4 ($47.55 in chips)
a9b98494: posts small blind $0.1
3886afa4: posts big blind $0.25
*** HOLE CARDS ***
Dealt to Hero [5s Jd]
Dealt to a9b98494 
Dealt to 3886afa4 
Dealt to f5a0b62d 
Dealt to 94d45885 
Dealt to 19db38b4 
f5a0b62d: folds
94d45885: folds
19db38b4: folds
Hero: folds
a9b98494: raises $0.5 to $0.75
3886afa4: folds
Uncalled bet ($0.5) returned to a9b98494
*** SHOWDOWN ***
a9b98494 collected $0.5 from pot
*** SUMMARY ***
Total pot $0.5 | Rake $0 | Jackpot $0 | Bingo $0 | Fortune $0 | Tax $0
Seat 1: Hero (button) folded before Flop (didn't bet)
Seat 2: a9b98494 (small blind) collected ($0.5)
Seat 3: 3886afa4 (big blind) folded before Flop
Seat 4: f5a0b62d folded before Flop (didn't bet)
Seat 5: 94d45885 folded before Flop (didn't bet)
Seat 6: 19db38b4 folded before Flop (didn't bet)


Poker Hand #RC3064926969: Hold'em No Limit ($0.1/$0.25) - 2024/11/13 23:37:42
Table 'RushAndCash5551479' 6-max Seat #1 is the button
Seat 1: a4dcd8d0 ($77.17 in chips)
Seat 2: Hero ($58.74 in chips)
Seat 3: c5758e4d ($45.62 in chips)
Seat 4: 1b2f7e3b ($66.82 in chips)
Seat 5: 3886afa4 ($25 in chips)
Seat 6: c7c1e986 ($49.13 in chips)
Hero: posts small blind $0.1
c5758e4d: posts big blind $0.25
*** HOLE CARDS ***
Dealt to a4dcd8d0 
Dealt to Hero [6c Kh]
Dealt to c5758e4d 
Dealt to 1b2f7e3b 
Dealt to 3886afa4 
Dealt to c7c1e986 
1b2f7e3b: raises $0.3 to $0.55
3886afa4: folds
c7c1e986: folds
a4dcd8d0: folds
Hero: folds
c5758e4d: folds
Uncalled bet ($0.3) returned to 1b2f7e3b
*** SHOWDOWN ***
1b2f7e3b collected $0.6 from pot
*** SUMMARY ***
Total pot $0.6 | Rake $0 | Jackpot $0 | Bingo $0 | Fortune $0 | Tax $0
Seat 1: a4dcd8d0 (button) folded before Flop (didn't bet)
Seat 2: Hero (small blind) folded before Flop
Seat 3: c5758e4d (big blind) folded before Flop
Seat 4: 1b2f7e3b collected ($0.6)
Seat 5: 3886afa4 folded before Flop (didn't bet)
Seat 6: c7c1e986 folded before Flop (didn't bet)


Poker Hand #RC3064926942: Hold'em No Limit ($0.1/$0.25) - 2024/11/13 23:37:37
Table 'RushAndCash5551461' 6-max Seat #1 is the button
Seat 1: 849aa806 ($48.04 in chips)
Seat 2: cf93ffc9 ($19.11 in chips)
Seat 3: Hero ($58.99 in chips)
Seat 4: aeb02c48 ($26.49 in chips)
Seat 5: 1592e71e ($28.18 in chips)
Seat 6: 2c162b78 ($36.72 in chips)
cf93ffc9: posts small blind $0.1
Hero: posts big blind $0.25
*** HOLE CARDS ***
Dealt to 849aa806 
Dealt to cf93ffc9 
Dealt to Hero [3h Td]
Dealt to aeb02c48 
Dealt to 1592e71e 
Dealt to 2c162b78 
aeb02c48: raises $0.25 to $0.5
1592e71e: folds
2c162b78: folds
849aa806: folds
cf93ffc9: folds
Hero: folds
Uncalled bet ($0.25) returned to aeb02c48
*** SHOWDOWN ***
aeb02c48 collected $0.6 from pot
*** SUMMARY ***
Total pot $0.6 | Rake $0 | Jackpot $0 | Bingo $0 | Fortune $0 | Tax $0
Seat 1: 849aa806 (button) folded before Flop (didn't bet)
Seat 2: cf93ffc9 (small blind) folded before Flop
Seat 3: Hero (big blind) folded before Flop
Seat 4: aeb02c48 collected ($0.6)
Seat 5: 1592e71e folded before Flop (didn't bet)
Seat 6: 2c162b78 folded before Flop (didn't bet)


Poker Hand #RC3064926923: Hold'em No Limit ($0.1/$0.25) - 2024/11/13 23:37:33
Table 'RushAndCash5551448' 6-max Seat #1 is the button
Seat 1: 6849a614 ($51.88 in chips)
Seat 2: e57cc63d ($31.26 in chips)
Seat 3: fa2fe17f ($25.64 in chips)
Seat 4: 7229fe99 ($26.4 in chips)
Seat 5: Hero ($58.99 in chips)
Seat 6: c6c63e0b ($26.49 in chips)
e57cc63d: posts small blind $0.1
fa2fe17f: posts big blind $0.25
*** HOLE CARDS ***
Dealt to 6849a614 
Dealt to e57cc63d 
Dealt to fa2fe17f 
Dealt to 7229fe99 
Dealt to Hero [8c 6h]
Dealt to c6c63e0b 
7229fe99: folds
Hero: folds
c6c63e0b: folds
6849a614: raises $0.35 to $0.6
e57cc63d: folds
fa2fe17f: calls $0.35
*** FLOP *** [2d Ah 4d]
fa2fe17f: checks
6849a614: checks
*** TURN *** [2d Ah 4d] [Kd]
fa2fe17f: checks
6849a614: checks
*** RIVER *** [2d Ah 4d Kd] [5d]
fa2fe17f: bets $0.68
6849a614: folds
Uncalled bet ($0.68) returned to fa2fe17f
*** SHOWDOWN ***
fa2fe17f collected $1.24 from pot
*** SUMMARY ***
Total pot $1.3 | Rake $0.06 | Jackpot $0 | Bingo $0 | Fortune $0 | Tax $0
Board [2d Ah 4d Kd 5d]
Seat 1: 6849a614 (button) folded on the River
Seat 2: e57cc63d (small blind) folded before Flop
Seat 3: fa2fe17f (big blind) won ($1.24)
Seat 4: 7229fe99 folded before Flop (didn't bet)
Seat 5: Hero folded before Flop (didn't bet)
Seat 6: c6c63e0b folded before Flop (didn't bet)


Poker Hand #RC3064926903: Hold'em No Limit ($0.1/$0.25) - 2024/11/13 23:37:29
Table 'RushAndCash5551434' 6-max Seat #1 is the button
Seat 1: 93e7b0bb ($80.49 in chips)
Seat 2: aeb02c48 ($26.59 in chips)
Seat 3: 77c73963 ($15.8 in chips)
Seat 4: Hero ($58.99 in chips)
Seat 5: fa2fe17f ($25.64 in chips)
Seat 6: 551e7a1d ($28.27 in chips)
aeb02c48: posts small blind $0.1
77c73963: posts big blind $0.25
*** HOLE CARDS ***
Dealt to 93e7b0bb 
Dealt to aeb02c48 
Dealt to 77c73963 
Dealt to Hero [5c 6s]
Dealt to fa2fe17f 
Dealt to 551e7a1d 
Hero: folds
fa2fe17f: folds
551e7a1d: raises $0.25 to $0.5
93e7b0bb: folds
aeb02c48: folds
77c73963: folds
Uncalled bet ($0.25) returned to 551e7a1d
*** SHOWDOWN ***
551e7a1d collected $0.6 from pot
*** SUMMARY ***
Total pot $0.6 | Rake $0 | Jackpot $0 | Bingo $0 | Fortune $0 | Tax $0
Seat 1: 93e7b0bb (button) folded before Flop (didn't bet)
Seat 2: aeb02c48 (small blind) folded before Flop
Seat 3: 77c73963 (big blind) folded before Flop
Seat 4: Hero folded before Flop (didn't bet)
Seat 5: fa2fe17f folded before Flop (didn't bet)
Seat 6: 551e7a1d collected ($0.6)


Poker Hand #RC3064926417: Hold'em No Limit ($0.1/$0.25) - 2024/11/13 23:35:41
Table 'RushAndCash5551094' 6-max Seat #1 is the button
Seat 1: Hero ($29.88 in chips)
Seat 2: d0b1d5f1 ($28.56 in chips)
Seat 3: 178751aa ($133.39 in chips)
Seat 4: 849e9dc2 ($28.26 in chips)
Seat 5: 7051751c ($28.24 in chips)
Seat 6: d02760a6 ($30.18 in chips)
d0b1d5f1: posts small blind $0.1
178751aa: posts big blind $0.25
*** HOLE CARDS ***
Dealt to Hero [5c Ac]
Dealt to d0b1d5f1 
Dealt to 178751aa 
Dealt to 849e9dc2 
Dealt to 7051751c 
Dealt to d02760a6 
849e9dc2: folds
7051751c: folds
d02760a6: raises $0.38 to $0.63
Hero: raises $1.21 to $1.84
d0b1d5f1: folds
178751aa: folds
d02760a6: calls $1.21
*** FLOP *** [Kc Kd 8c]
d02760a6: checks
Hero: bets $1.33
d02760a6: calls $1.33
*** TURN *** [Kc Kd 8c] [Ad]
d02760a6: checks
Hero: bets $2.21
d02760a6: raises $4.04 to $6.25
Hero: calls $4.04
*** RIVER *** [Kc Kd 8c Ad] [7c]
d02760a6: checks
Hero: bets $20.46 and is all-in
d02760a6: calls $20.46
Hero: shows [5c Ac] (Ace High Flush)
d02760a6: shows [Kh Qh] (Three Kings)
*** SHOWDOWN ***
Hero collected $58.99 from pot
*** SUMMARY ***
Total pot $60.11 | Rake $0.75 | Jackpot $0.37 | Bingo $0 | Fortune $0 | Tax $0
Board [Kc Kd 8c Ad 7c]
Seat 1: Hero (button) showed [5c Ac] and won ($58.99) with Ace High Flush
Seat 2: d0b1d5f1 (small blind) folded before Flop
Seat 3: 178751aa (big blind) folded before Flop
Seat 4: 849e9dc2 folded before Flop (didn't bet)
Seat 5: 7051751c folded before Flop (didn't bet)
Seat 6: d02760a6 showed [Kh Qh] and lost with Three Kings


Poker Hand #RC3064926397: Hold'em No Limit ($0.1/$0.25) - 2024/11/13 23:35:37
Table 'RushAndCash5551080' 6-max Seat #1 is the button
Seat 1: d688ce88 ($29.02 in chips)
Seat 2: Hero ($29.98 in chips)
Seat 3: 30d4b9eb ($24.94 in chips)
Seat 4: 25b13328 ($31.52 in chips)
Seat 5: 9a7eddcd ($36.2 in chips)
Seat 6: debeb402 ($83.94 in chips)
Hero: posts small blind $0.1
30d4b9eb: posts big blind $0.25
*** HOLE CARDS ***
Dealt to d688ce88 
Dealt to Hero [4h 7h]
Dealt to 30d4b9eb 
Dealt to 25b13328 
Dealt to 9a7eddcd 
Dealt to debeb402 
25b13328: raises $0.3 to $0.55
9a7eddcd: folds
debeb402: folds
d688ce88: folds
Hero: folds
30d4b9eb: calls $0.3
*** FLOP *** [Js 8s Jh]
30d4b9eb: checks
25b13328: bets $0.6
30d4b9eb: folds
Uncalled bet ($0.6) returned to 25b13328
*** SHOWDOWN ***
25b13328 collected $1.13 from pot
*** SUMMARY ***
Total pot $1.2 | Rake $0.07 | Jackpot $0 | Bingo $0 | Fortune $0 | Tax $0
Board [Js 8s Jh]
Seat 1: d688ce88 (button) folded before Flop (didn't bet)
Seat 2: Hero (small blind) folded before Flop
Seat 3: 30d4b9eb (big blind) folded on the Flop
Seat 4: 25b13328 won ($1.13)
Seat 5: 9a7eddcd folded before Flop (didn't bet)
Seat 6: debeb402 folded before Flop (didn't bet)


Poker Hand #RC3064925855: Hold'em No Limit ($0.1/$0.25) - 2024/11/13 23:33:44
Table 'RushAndCash5550690' 6-max Seat #1 is the button
Seat 1: c28eff03 ($27.18 in chips)
Seat 2: 7f16fbc4 ($25.6 in chips)
Seat 3: Hero ($30.4 in chips)
Seat 4: bec9a5bf ($57.17 in chips)
Seat 5: b51f7ac2 ($29.13 in chips)
Seat 6: 5013300e ($25 in chips)
7f16fbc4: posts small blind $0.1
Hero: posts big blind $0.25
*** HOLE CARDS ***
Dealt to c28eff03 
Dealt to 7f16fbc4 
Dealt to Hero [9h Ac]
Dealt to bec9a5bf 
Dealt to b51f7ac2 
Dealt to 5013300e 
bec9a5bf: folds
b51f7ac2: folds
5013300e: folds
c28eff03: raises $0.3 to $0.55
7f16fbc4: folds
Hero: calls $0.3
*** FLOP *** [7s 5d 8h]
Hero: checks
c28eff03: bets $0.4
Hero: calls $0.4
*** TURN *** [7s 5d 8h] [6c]
Hero: checks
c28eff03: bets $1.6
Hero: calls $1.6
*** RIVER *** [7s 5d 8h 6c] [Td]
Hero: checks
c28eff03: bets $3.54
Hero: calls $3.54
c28eff03: shows [Ts 9s] (Tens-High Straight)
Hero: shows [9h Ac] (Tens-High Straight)
*** SHOWDOWN ***
Hero collected $5.67 from pot
c28eff03 collected $5.66 from pot
*** SUMMARY ***
Total pot $12.28 | Rake $0.58 | Jackpot $0.37 | Bingo $0 | Fortune $0 | Tax $0
Board [7s 5d 8h 6c Td]
Seat 1: c28eff03 (button) showed [Ts 9s] and won ($5.66) with Tens-High Straight
Seat 2: 7f16fbc4 (small blind) folded before Flop
Seat 3: Hero (big blind) showed [9h Ac] and won ($5.67) with Tens-High Straight
Seat 4: bec9a5bf folded before Flop (didn't bet)
Seat 5: b51f7ac2 folded before Flop (didn't bet)
Seat 6: 5013300e folded before Flop (didn't bet)


Poker Hand #RC3064925594: Hold'em No Limit ($0.1/$0.25) - 2024/11/13 23:32:50
Table 'RushAndCash5550518' 6-max Seat #1 is the button
Seat 1: 30f289b8 ($9.44 in chips)
Seat 2: b2e40b8c ($25.25 in chips)
Seat 3: 7f16fbc4 ($25.35 in chips)
Seat 4: 6516fa48 ($42.17 in chips)
Seat 5: Hero ($30.16 in chips)
Seat 6: dd3a606c ($25.94 in chips)
b2e40b8c: posts small blind $0.1
7f16fbc4: posts big blind $0.25
*** HOLE CARDS ***
Dealt to 30f289b8 
Dealt to b2e40b8c 
Dealt to 7f16fbc4 
Dealt to 6516fa48 
Dealt to Hero [Kh 5h]
Dealt to dd3a606c 
6516fa48: folds
Hero: raises $0.38 to $0.63
dd3a606c: folds
30f289b8: calls $0.63
b2e40b8c: folds
7f16fbc4: calls $0.38
*** FLOP *** [Th 8s Qs]
7f16fbc4: checks
Hero: checks
30f289b8: checks
*** TURN *** [Th 8s Qs] [Kd]
7f16fbc4: bets $1.5
Hero: calls $1.5
30f289b8: folds
*** RIVER *** [Th 8s Qs Kd] [Qd]
7f16fbc4: checks
Hero: checks
7f16fbc4: shows [Ks 2s] (Pair of Kings and Pair of Queens)
Hero: shows [Kh 5h] (Pair of Kings and Pair of Queens)
*** SHOWDOWN ***
7f16fbc4 collected $2.38 from pot
Hero collected $2.37 from pot
*** SUMMARY ***
Total pot $4.99 | Rake $0.24 | Jackpot $0 | Bingo $0 | Fortune $0 | Tax $0
Board [Th 8s Qs Kd Qd]
Seat 1: 30f289b8 (button) folded on the Turn
Seat 2: b2e40b8c (small blind) folded before Flop
Seat 3: 7f16fbc4 (big blind) showed [Ks 2s] and won ($2.38) with Pair of Kings and Pair of Queens
Seat 4: 6516fa48 folded before Flop (didn't bet)
Seat 5: Hero showed [Kh 5h] and won ($2.37) with Pair of Kings and Pair of Queens
Seat 6: dd3a606c folded before Flop (didn't bet)


Poker Hand #RC3064925556: Hold'em No Limit ($0.1/$0.25) - 2024/11/13 23:32:42
Table 'RushAndCash5550492' 6-max Seat #1 is the button
Seat 1: 94d45885 ($22 in chips)
Seat 2: 7de9d197 ($192.27 in chips)
Seat 3: 8ceabbde ($16.86 in chips)
Seat 4: Hero ($30.16 in chips)
Seat 5: ab0cd26 ($11.87 in chips)
Seat 6: 4320fc0b ($39.19 in chips)
7de9d197: posts small blind $0.1
8ceabbde: posts big blind $0.25
*** HOLE CARDS ***
Dealt to 94d45885 
Dealt to 7de9d197 
Dealt to 8ceabbde 
Dealt to Hero [3h Kh]
Dealt to ab0cd26 
Dealt to 4320fc0b 
Hero: folds
ab0cd26: folds
4320fc0b: folds
94d45885: folds
7de9d197: raises $0.5 to $0.75
8ceabbde: folds
Uncalled bet ($0.5) returned to 7de9d197
*** SHOWDOWN ***
7de9d197 collected $0.5 from pot
*** SUMMARY ***
Total pot $0.5 | Rake $0 | Jackpot $0 | Bingo $0 | Fortune $0 | Tax $0
Seat 1: 94d45885 (button) folded before Flop (didn't bet)
Seat 2: 7de9d197 (small blind) collected ($0.5)
Seat 3: 8ceabbde (big blind) folded before Flop
Seat 4: Hero folded before Flop (didn't bet)
Seat 5: ab0cd26 folded before Flop (didn't bet)
Seat 6: 4320fc0b folded before Flop (didn't bet)


Poker Hand #RC3064925431: Hold'em No Limit ($0.1/$0.25) - 2024/11/13 23:32:18
Table 'RushAndCash5550405' 6-max Seat #1 is the button
Seat 1: 7fb31f7f ($26.98 in chips)
Seat 2: 83f76c1f ($95.73 in chips)
Seat 3: b0caed5 ($46.71 in chips)
Seat 4: Hero ($29.81 in chips)
Seat 5: 3886afa4 ($25 in chips)
Seat 6: d0b1d5f1 ($28.56 in chips)
83f76c1f: posts small blind $0.1
b0caed5: posts big blind $0.25
*** HOLE CARDS ***
Dealt to 7fb31f7f 
Dealt to 83f76c1f 
Dealt to b0caed5 
Dealt to Hero [Ac Td]
Dealt to 3886afa4 
Dealt to d0b1d5f1 
Hero: raises $0.38 to $0.63
3886afa4: folds
d0b1d5f1: folds
7fb31f7f: folds
83f76c1f: folds
b0caed5: folds
Uncalled bet ($0.38) returned to Hero
*** SHOWDOWN ***
Hero collected $0.6 from pot
*** SUMMARY ***
Total pot $0.6 | Rake $0 | Jackpot $0 | Bingo $0 | Fortune $0 | Tax $0
Seat 1: 7fb31f7f (button) folded before Flop (didn't bet)
Seat 2: 83f76c1f (small blind) folded before Flop
Seat 3: b0caed5 (big blind) folded before Flop
Seat 4: Hero collected ($0.6)
Seat 5: 3886afa4 folded before Flop (didn't bet)
Seat 6: d0b1d5f1 folded before Flop (didn't bet)


Poker Hand #RC3064925414: Hold'em No Limit ($0.1/$0.25) - 2024/11/13 23:32:15
Table 'RushAndCash5550394' 6-max Seat #1 is the button
Seat 1: Hero ($29.81 in chips)
Seat 2: 44a58481 ($58.17 in chips)
Seat 3: 818fe79a ($10 in chips)
Seat 4: 10263c2 ($58.4 in chips)
Seat 5: 273230cb ($47.05 in chips)
Seat 6: 282bd2ce ($25 in chips)
44a58481: posts small blind $0.1
818fe79a: posts big blind $0.25
*** HOLE CARDS ***
Dealt to Hero [Qs 3c]
Dealt to 44a58481 
Dealt to 818fe79a 
Dealt to 10263c2 
Dealt to 273230cb 
Dealt to 282bd2ce 
10263c2: folds
273230cb: folds
282bd2ce: folds
Hero: folds
44a58481: raises $0.5 to $0.75
818fe79a: folds
Uncalled bet ($0.5) returned to 44a58481
*** SHOWDOWN ***
44a58481 collected $0.5 from pot
*** SUMMARY ***
Total pot $0.5 | Rake $0 | Jackpot $0 | Bingo $0 | Fortune $0 | Tax $0
Seat 1: Hero (button) folded before Flop (didn't bet)
Seat 2: 44a58481 (small blind) collected ($0.5)
Seat 3: 818fe79a (big blind) folded before Flop
Seat 4: 10263c2 folded before Flop (didn't bet)
Seat 5: 273230cb folded before Flop (didn't bet)
Seat 6: 282bd2ce folded before Flop (didn't bet)


Poker Hand #RC3064925241: Hold'em No Limit ($0.1/$0.25) - 2024/11/13 23:31:40
Table 'RushAndCash5550275' 6-max Seat #1 is the button
Seat 1: 99c9584f ($27.42 in chips)
Seat 2: Hero ($30.56 in chips)
Seat 3: 10263c2 ($57.72 in chips)
Seat 4: 65891eeb ($20.72 in chips)
Seat 5: 22194a8b ($26.02 in chips)
Seat 6: 9e3b78f5 ($30.26 in chips)
Hero: posts small blind $0.1
10263c2: posts big blind $0.25
*** HOLE CARDS ***
Dealt to 99c9584f 
Dealt to Hero [8s Ac]
Dealt to 10263c2 
Dealt to 65891eeb 
Dealt to 22194a8b 
Dealt to 9e3b78f5 
65891eeb: folds
22194a8b: folds
9e3b78f5: folds
99c9584f: folds
Hero: raises $0.5 to $0.75
10263c2: calls $0.5
*** FLOP *** [4d Td 6h]
Hero: checks
10263c2: checks
*** TURN *** [4d Td 6h] [6s]
Hero: checks
10263c2: checks
*** RIVER *** [4d Td 6h 6s] [3s]
Hero: checks
10263c2: checks
Hero: shows [8s Ac] (Pair of Sixes)
10263c2: shows [Ad Qh] (Pair of Sixes)
*** SHOWDOWN ***
10263c2 collected $1.43 from pot
*** SUMMARY ***
Total pot $1.5 | Rake $0.07 | Jackpot $0 | Bingo $0 | Fortune $0 | Tax $0
Board [4d Td 6h 6s 3s]
Seat 1: 99c9584f (button) folded before Flop (didn't bet)
Seat 2: Hero (small blind) showed [8s Ac] and lost with Pair of Sixes
Seat 3: 10263c2 (big blind) showed [Ad Qh] and won ($1.43) with Pair of Sixes
Seat 4: 65891eeb folded before Flop (didn't bet)
Seat 5: 22194a8b folded before Flop (didn't bet)
Seat 6: 9e3b78f5 folded before Flop (didn't bet)


Poker Hand #RC3064925167: Hold'em No Limit ($0.1/$0.25) - 2024/11/13 23:31:25
Table 'RushAndCash5550226' 6-max Seat #1 is the button
Seat 1: 50a3b50a ($40.83 in chips)
Seat 2: f7d55998 ($25.35 in chips)
Seat 3: Hero ($30.46 in chips)
Seat 4: 77c73963 ($16.16 in chips)
Seat 5: 26f05afc ($26.73 in chips)
Seat 6: 549e4cbc ($27.99 in chips)
f7d55998: posts small blind $0.1
Hero: posts big blind $0.25
*** HOLE CARDS ***
Dealt to 50a3b50a 
Dealt to f7d55998 
Dealt to Hero [6h Qh]
Dealt to 77c73963 
Dealt to 26f05afc 
Dealt to 549e4cbc 
77c73963: folds
26f05afc: folds
549e4cbc: folds
50a3b50a: folds
f7d55998: folds
Uncalled bet ($0.15) returned to Hero
*** SHOWDOWN ***
Hero collected $0.2 from pot
*** SUMMARY ***
Total pot $0.2 | Rake $0 | Jackpot $0 | Bingo $0 | Fortune $0 | Tax $0
Seat 1: 50a3b50a (button) folded before Flop (didn't bet)
Seat 2: f7d55998 (small blind) folded before Flop
Seat 3: Hero (big blind) collected ($0.2)
Seat 4: 77c73963 folded before Flop (didn't bet)
Seat 5: 26f05afc folded before Flop (didn't bet)
Seat 6: 549e4cbc folded before Flop (didn't bet)


Poker Hand #RC3064925150: Hold'em No Limit ($0.1/$0.25) - 2024/11/13 23:31:21
Table 'RushAndCash5550215' 6-max Seat #1 is the button
Seat 1: 3886afa4 ($25 in chips)
Seat 2: 30b0d52e ($36.6 in chips)
Seat 3: 350d1a39 ($30.72 in chips)
Seat 4: Hero ($30.46 in chips)
Seat 5: 8b189b64 ($25.2 in chips)
Seat 6: fb6ab13 ($94.26 in chips)
30b0d52e: posts small blind $0.1
350d1a39: posts big blind $0.25
*** HOLE CARDS ***
Dealt to 3886afa4 
Dealt to 30b0d52e 
Dealt to 350d1a39 
Dealt to Hero [3s 3h]
Dealt to 8b189b64 
Dealt to fb6ab13 
Hero: folds
8b189b64: folds
fb6ab13: folds
3886afa4: raises $0.25 to $0.5
30b0d52e: folds
350d1a39: folds
Uncalled bet ($0.25) returned to 3886afa4
*** SHOWDOWN ***
3886afa4 collected $0.6 from pot
*** SUMMARY ***
Total pot $0.6 | Rake $0 | Jackpot $0 | Bingo $0 | Fortune $0 | Tax $0
Seat 1: 3886afa4 (button) collected ($0.6)
Seat 2: 30b0d52e (small blind) folded before Flop
Seat 3: 350d1a39 (big blind) folded before Flop
Seat 4: Hero folded before Flop (didn't bet)
Seat 5: 8b189b64 folded before Flop (didn't bet)
Seat 6: fb6ab13 folded before Flop (didn't bet)


Poker Hand #RC3064925133: Hold'em No Limit ($0.1/$0.25) - 2024/11/13 23:31:17
Table 'RushAndCash5550205' 6-max Seat #1 is the button
Seat 1: 9f09b682 ($151.97 in chips)
Seat 2: d4bbc68 ($25.1 in chips)
Seat 3: c6c63e0b ($25.01 in chips)
Seat 4: d74aa4bf ($25.09 in chips)
Seat 5: 14be64f0 ($19.24 in chips)
Seat 6: Hero ($30.46 in chips)
d4bbc68: posts small blind $0.1
c6c63e0b: posts big blind $0.25
*** HOLE CARDS ***
Dealt to 9f09b682 
Dealt to d4bbc68 
Dealt to c6c63e0b 
Dealt to d74aa4bf 
Dealt to 14be64f0 
Dealt to Hero [Js 2h]
d74aa4bf: folds
14be64f0: folds
Hero: folds
9f09b682: folds
d4bbc68: raises $0.25 to $0.5
c6c63e0b: calls $0.25
*** FLOP *** [4h 3c 7c]
d4bbc68: checks
c6c63e0b: checks
*** TURN *** [4h 3c 7c] [3h]
d4bbc68: bets $0.75
c6c63e0b: folds
Uncalled bet ($0.75) returned to d4bbc68
*** SHOWDOWN ***
d4bbc68 collected $0.95 from pot
*** SUMMARY ***
Total pot $1 | Rake $0.05 | Jackpot $0 | Bingo $0 | Fortune $0 | Tax $0
Board [4h 3c 7c 3h]
Seat 1: 9f09b682 (button) folded before Flop (didn't bet)
Seat 2: d4bbc68 (small blind) won ($0.95)
Seat 3: c6c63e0b (big blind) folded on the Turn
Seat 4: d74aa4bf folded before Flop (didn't bet)
Seat 5: 14be64f0 folded before Flop (didn't bet)
Seat 6: Hero folded before Flop (didn't bet)


Poker Hand #RC3064925034: Hold'em No Limit ($0.1/$0.25) - 2024/11/13 23:30:55
Table 'RushAndCash5550142' 6-max Seat #1 is the button
Seat 1: fd333540 ($24.71 in chips)
Seat 2: d29a4bc5 ($25.26 in chips)
Seat 3: e4cfa170 ($29.9 in chips)
Seat 4: 8b189b64 ($25.2 in chips)
Seat 5: 95673fc8 ($37.15 in chips)
Seat 6: Hero ($30.11 in chips)
d29a4bc5: posts small blind $0.1
e4cfa170: posts big blind $0.25
*** HOLE CARDS ***
Dealt to fd333540 
Dealt to d29a4bc5 
Dealt to e4cfa170 
Dealt to 8b189b64 
Dealt to 95673fc8 
Dealt to Hero [Ts Td]
8b189b64: folds
95673fc8: folds
Hero: raises $0.38 to $0.63
fd333540: folds
d29a4bc5: folds
e4cfa170: folds
Uncalled bet ($0.38) returned to Hero
*** SHOWDOWN ***
Hero collected $0.6 from pot
*** SUMMARY ***
Total pot $0.6 | Rake $0 | Jackpot $0 | Bingo $0 | Fortune $0 | Tax $0
Seat 1: fd333540 (button) folded before Flop (didn't bet)
Seat 2: d29a4bc5 (small blind) folded before Flop
Seat 3: e4cfa170 (big blind) folded before Flop
Seat 4: 8b189b64 folded before Flop (didn't bet)
Seat 5: 95673fc8 folded before Flop (didn't bet)
Seat 6: Hero collected ($0.6)


Poker Hand #RC3064925019: Hold'em No Limit ($0.1/$0.25) - 2024/11/13 23:30:51
Table 'RushAndCash5550132' 6-max Seat #1 is the button
Seat 1: Hero ($30.11 in chips)
Seat 2: 871a49ac ($25 in chips)
Seat 3: 892679b3 ($23.25 in chips)
Seat 4: 607fdc9e ($35.58 in chips)
Seat 5: ac92fed4 ($60.01 in chips)
Seat 6: 93b99c9c ($27.6 in chips)
871a49ac: posts small blind $0.1
892679b3: posts big blind $0.25
*** HOLE CARDS ***
Dealt to Hero [Jh 2s]
Dealt to 871a49ac 
Dealt to 892679b3 
Dealt to 607fdc9e 
Dealt to ac92fed4 
Dealt to 93b99c9c 
607fdc9e: folds
ac92fed4: folds
93b99c9c: calls $0.25
Hero: folds
871a49ac: folds
892679b3: checks
*** FLOP *** [6c 6h 8h]
892679b3: checks
93b99c9c: bets $0.6
892679b3: folds
Uncalled bet ($0.6) returned to 93b99c9c
*** SHOWDOWN ***
93b99c9c collected $0.57 from pot
*** SUMMARY ***
Total pot $0.6 | Rake $0.03 | Jackpot $0 | Bingo $0 | Fortune $0 | Tax $0
Board [6c 6h 8h]
Seat 1: Hero (button) folded before Flop (didn't bet)
Seat 2: 871a49ac (small blind) folded before Flop
Seat 3: 892679b3 (big blind) folded on the Flop
Seat 4: 607fdc9e folded before Flop (didn't bet)
Seat 5: ac92fed4 folded before Flop (didn't bet)
Seat 6: 93b99c9c won ($0.57)


Poker Hand #RC3064924955: Hold'em No Limit ($0.1/$0.25) - 2024/11/13 23:30:38
Table 'RushAndCash5550088' 6-max Seat #1 is the button
Seat 1: 2e50887d ($25 in chips)
Seat 2: Hero ($29.86 in chips)
Seat 3: dac10c7e ($48.38 in chips)
Seat 4: d1e50a91 ($31.86 in chips)
Seat 5: 7de9d197 ($187.54 in chips)
Seat 6: 2c809e2f ($25 in chips)
Hero: posts small blind $0.1
dac10c7e: posts big blind $0.25
*** HOLE CARDS ***
Dealt to 2e50887d 
Dealt to Hero [Kc Jh]
Dealt to dac10c7e 
Dealt to d1e50a91 
Dealt to 7de9d197 
Dealt to 2c809e2f 
d1e50a91: folds
7de9d197: folds
2c809e2f: folds
2e50887d: folds
Hero: raises $0.5 to $0.75
dac10c7e: folds
Uncalled bet ($0.5) returned to Hero
*** SHOWDOWN ***
Hero collected $0.5 from pot
*** SUMMARY ***
Total pot $0.5 | Rake $0 | Jackpot $0 | Bingo $0 | Fortune $0 | Tax $0
Seat 1: 2e50887d (button) folded before Flop (didn't bet)
Seat 2: Hero (small blind) collected ($0.5)
Seat 3: dac10c7e (big blind) folded before Flop
Seat 4: d1e50a91 folded before Flop (didn't bet)
Seat 5: 7de9d197 folded before Flop (didn't bet)
Seat 6: 2c809e2f folded before Flop (didn't bet)


Poker Hand #RC3064924777: Hold'em No Limit ($0.1/$0.25) - 2024/11/13 23:29:59
Table 'RushAndCash5549965' 6-max Seat #1 is the button
Seat 1: 7168974d ($30.96 in chips)
Seat 2: 7ae24463 ($100.02 in chips)
Seat 3: Hero ($30.49 in chips)
Seat 4: 8b189b64 ($25 in chips)
Seat 5: 9a35d0af ($35.94 in chips)
Seat 6: 1eb6fcad ($25 in chips)
7ae24463: posts small blind $0.1
Hero: posts big blind $0.25
*** HOLE CARDS ***
Dealt to 7168974d 
Dealt to 7ae24463 
Dealt to Hero [5s Ac]
Dealt to 8b189b64 
Dealt to 9a35d0af 
Dealt to 1eb6fcad 
8b189b64: folds
9a35d0af: folds
1eb6fcad: raises $0.38 to $0.63
7168974d: folds
7ae24463: folds
Hero: calls $0.38
*** FLOP *** [8c Ts 3s]
Hero: checks
1eb6fcad: bets $0.79
Hero: folds
Uncalled bet ($0.79) returned to 1eb6fcad
*** SHOWDOWN ***
1eb6fcad collected $1.3 from pot
*** SUMMARY ***
Total pot $1.36 | Rake $0.06 | Jackpot $0 | Bingo $0 | Fortune $0 | Tax $0
Board [8c Ts 3s]
Seat 1: 7168974d (button) folded before Flop (didn't bet)
Seat 2: 7ae24463 (small blind) folded before Flop
Seat 3: Hero (big blind) folded on the Flop
Seat 4: 8b189b64 folded before Flop (didn't bet)
Seat 5: 9a35d0af folded before Flop (didn't bet)
Seat 6: 1eb6fcad won ($1.3)


Poker Hand #RC3064924763: Hold'em No Limit ($0.1/$0.25) - 2024/11/13 23:29:55
Table 'RushAndCash5549955' 6-max Seat #1 is the button
Seat 1: 42e4c376 ($44.59 in chips)
Seat 2: 7be8f7de ($137.61 in chips)
Seat 3: 12189b2a ($34.81 in chips)
Seat 4: 7ae24463 ($100.02 in chips)
Seat 5: Hero ($30.49 in chips)
Seat 6: 9a7eddcd ($26.46 in chips)
7be8f7de: posts small blind $0.1
12189b2a: posts big blind $0.25
*** HOLE CARDS ***
Dealt to 42e4c376 
Dealt to 7be8f7de 
Dealt to 12189b2a 
Dealt to 7ae24463 
Dealt to Hero [5s Ah]
Dealt to 9a7eddcd 
7ae24463: folds
Hero: folds
9a7eddcd: folds
42e4c376: raises $0.38 to $0.63
7be8f7de: folds
12189b2a: folds
Uncalled bet ($0.38) returned to 42e4c376
*** SHOWDOWN ***
42e4c376 collected $0.6 from pot
*** SUMMARY ***
Total pot $0.6 | Rake $0 | Jackpot $0 | Bingo $0 | Fortune $0 | Tax $0
Seat 1: 42e4c376 (button) collected ($0.6)
Seat 2: 7be8f7de (small blind) folded before Flop
Seat 3: 12189b2a (big blind) folded before Flop
Seat 4: 7ae24463 folded before Flop (didn't bet)
Seat 5: Hero folded before Flop (didn't bet)
Seat 6: 9a7eddcd folded before Flop (didn't bet)


Poker Hand #RC3064924748: Hold'em No Limit ($0.1/$0.25) - 2024/11/13 23:29:52
Table 'RushAndCash5549944' 6-max Seat #1 is the button
Seat 1: 82a786bb ($28.89 in chips)
Seat 2: 77c73963 ($15.1 in chips)
Seat 3: bec9a5bf ($84.01 in chips)
Seat 4: d3a3b4c8 ($27.79 in chips)
Seat 5: Hero ($30.49 in chips)
Seat 6: 2efa7524 ($43.79 in chips)
77c73963: posts small blind $0.1
bec9a5bf: posts big blind $0.25
*** HOLE CARDS ***
Dealt to 82a786bb 
Dealt to 77c73963 
Dealt to bec9a5bf 
Dealt to d3a3b4c8 
Dealt to Hero [2h As]
Dealt to 2efa7524 
d3a3b4c8: raises $0.25 to $0.5
Hero: folds
2efa7524: folds
82a786bb: calls $0.5
77c73963: folds
bec9a5bf: folds
*** FLOP *** [6c 4d 8s]
d3a3b4c8: checks
82a786bb: checks
*** TURN *** [6c 4d 8s] [9h]
d3a3b4c8: checks
82a786bb: checks
*** RIVER *** [6c 4d 8s 9h] [3c]
d3a3b4c8: checks
82a786bb: checks
d3a3b4c8: shows [Th Qh] (Queen-High)
82a786bb: shows [Jh Ah] (Ace-High)
*** SHOWDOWN ***
82a786bb collected $1.29 from pot
*** SUMMARY ***
Total pot $1.35 | Rake $0.06 | Jackpot $0 | Bingo $0 | Fortune $0 | Tax $0
Board [6c 4d 8s 9h 3c]
Seat 1: 82a786bb (button) showed [Jh Ah] and won ($1.29) with Ace-High
Seat 2: 77c73963 (small blind) folded before Flop
Seat 3: bec9a5bf (big blind) folded before Flop
Seat 4: d3a3b4c8 showed [Th Qh] and lost with Queen-High
Seat 5: Hero folded before Flop (didn't bet)
Seat 6: 2efa7524 folded before Flop (didn't bet)


Poker Hand #RC3064894731: Hold'em No Limit ($0.1/$0.25) - 2024/11/13 23:29:48
Table 'RushAndCash5549932' 6-max Seat #1 is the button
Seat 1: 1cf042f4 ($18.07 in chips)
Seat 2: b272bedb ($25 in chips)
Seat 3: 99c9584f ($28.5 in chips)
Seat 4: 12189b2a ($34.81 in chips)
Seat 5: 6849a614 ($52.58 in chips)
Seat 6: Hero ($30.49 in chips)
b272bedb: posts small blind $0.1
99c9584f: posts big blind $0.25
*** HOLE CARDS ***
Dealt to 1cf042f4 
Dealt to b272bedb 
Dealt to 99c9584f 
Dealt to 12189b2a 
Dealt to 6849a614 
Dealt to Hero [Qc 5s]
12189b2a: folds
6849a614: folds
Hero: folds
1cf042f4: folds
b272bedb: folds
Uncalled bet ($0.15) returned to 99c9584f
*** SHOWDOWN ***
99c9584f collected $0.2 from pot
*** SUMMARY ***
Total pot $0.2 | Rake $0 | Jackpot $0 | Bingo $0 | Fortune $0 | Tax $0
Seat 1: 1cf042f4 (button) folded before Flop (didn't bet)
Seat 2: b272bedb (small blind) folded before Flop
Seat 3: 99c9584f (big blind) collected ($0.2)
Seat 4: 12189b2a folded before Flop (didn't bet)
Seat 5: 6849a614 folded before Flop (didn't bet)
Seat 6: Hero folded before Flop (didn't bet)


Poker Hand #RC3064894694: Hold'em No Limit ($0.1/$0.25) - 2024/11/13 23:29:40
Table 'RushAndCash5549906' 6-max Seat #1 is the button
Seat 1: Hero ($30.49 in chips)
Seat 2: 980b3278 ($25.98 in chips)
Seat 3: e63dd49 ($28.08 in chips)
Seat 4: 9e3b78f5 ($29.27 in chips)
Seat 5: 487aee7c ($59.54 in chips)
Seat 6: 7de9d197 ($188.39 in chips)
980b3278: posts small blind $0.1
e63dd49: posts big blind $0.25
*** HOLE CARDS ***
Dealt to Hero [Jh 4d]
Dealt to 980b3278 
Dealt to e63dd49 
Dealt to 9e3b78f5 
Dealt to 487aee7c 
Dealt to 7de9d197 
9e3b78f5: folds
487aee7c: folds
7de9d197: raises $0.25 to $0.5
Hero: folds
980b3278: folds
e63dd49: raises $1.6 to $2.1
7de9d197: folds
Uncalled bet ($1.6) returned to e63dd49
*** SHOWDOWN ***
e63dd49 collected $1.05 from pot
*** SUMMARY ***
Total pot $1.1 | Rake $0.05 | Jackpot $0 | Bingo $0 | Fortune $0 | Tax $0
Seat 1: Hero (button) folded before Flop (didn't bet)
Seat 2: 980b3278 (small blind) folded before Flop
Seat 3: e63dd49 (big blind) collected ($1.05)
Seat 4: 9e3b78f5 folded before Flop (didn't bet)
Seat 5: 487aee7c folded before Flop (didn't bet)
Seat 6: 7de9d197 folded before Flop


Poker Hand #RC3064894620: Hold'em No Limit ($0.1/$0.25) - 2024/11/13 23:29:26
Table 'RushAndCash5549856' 6-max Seat #1 is the button
Seat 1: 3e29018a ($27.98 in chips)
Seat 2: Hero ($30.24 in chips)
Seat 3: b951f3c ($25.44 in chips)
Seat 4: 9e3b78f5 ($29.62 in chips)
Seat 5: b02c050d ($43.58 in chips)
Seat 6: a9b98494 ($50.58 in chips)
Hero: posts small blind $0.1
b951f3c: posts big blind $0.25
*** HOLE CARDS ***
Dealt to 3e29018a 
Dealt to Hero [Ah 3d]
Dealt to b951f3c 
Dealt to 9e3b78f5 
Dealt to b02c050d 
Dealt to a9b98494 
9e3b78f5: folds
b02c050d: folds
a9b98494: folds
3e29018a: folds
Hero: raises $0.5 to $0.75
b951f3c: folds
Uncalled bet ($0.5) returned to Hero
*** SHOWDOWN ***
Hero collected $0.5 from pot
*** SUMMARY ***
Total pot $0.5 | Rake $0 | Jackpot $0 | Bingo $0 | Fortune $0 | Tax $0
Seat 1: 3e29018a (button) folded before Flop (didn't bet)
Seat 2: Hero (small blind) collected ($0.5)
Seat 3: b951f3c (big blind) folded before Flop
Seat 4: 9e3b78f5 folded before Flop (didn't bet)
Seat 5: b02c050d folded before Flop (didn't bet)
Seat 6: a9b98494 folded before Flop (didn't bet)


Poker Hand #RC3064894587: Hold'em No Limit ($0.1/$0.25) - 2024/11/13 23:29:18
Table 'RushAndCash5549835' 6-max Seat #1 is the button
Seat 1: 7619631f ($54.02 in chips)
Seat 2: 30f289b8 ($11.51 in chips)
Seat 3: Hero ($30.49 in chips)
Seat 4: 980b3278 ($25.53 in chips)
Seat 5: 69b1cc3b ($26.6 in chips)
Seat 6: 8ceabbde ($12.03 in chips)
30f289b8: posts small blind $0.1
Hero: posts big blind $0.25
*** HOLE CARDS ***
Dealt to 7619631f 
Dealt to 30f289b8 
Dealt to Hero [Kd 7s]
Dealt to 980b3278 
Dealt to 69b1cc3b 
Dealt to 8ceabbde 
980b3278: folds
69b1cc3b: folds
8ceabbde: folds
7619631f: raises $0.25 to $0.5
30f289b8: folds
Hero: folds
Uncalled bet ($0.25) returned to 7619631f
*** SHOWDOWN ***
7619631f collected $0.6 from pot
*** SUMMARY ***
Total pot $0.6 | Rake $0 | Jackpot $0 | Bingo $0 | Fortune $0 | Tax $0
Seat 1: 7619631f (button) collected ($0.6)
Seat 2: 30f289b8 (small blind) folded before Flop
Seat 3: Hero (big blind) folded before Flop
Seat 4: 980b3278 folded before Flop (didn't bet)
Seat 5: 69b1cc3b folded before Flop (didn't bet)
Seat 6: 8ceabbde folded before Flop (didn't bet)


Poker Hand #RC3064894570: Hold'em No Limit ($0.1/$0.25) - 2024/11/13 23:29:14
Table 'RushAndCash5549824' 6-max Seat #1 is the button
Seat 1: eece68d9 ($13.6 in chips)
Seat 2: 7051751c ($30.4 in chips)
Seat 3: 2c809e2f ($25 in chips)
Seat 4: 7619631f ($54.02 in chips)
Seat 5: 69b1cc3b ($26.6 in chips)
Seat 6: Hero ($30.49 in chips)
7051751c: posts small blind $0.1
2c809e2f: posts big blind $0.25
*** HOLE CARDS ***
Dealt to eece68d9 
Dealt to 7051751c 
Dealt to 2c809e2f 
Dealt to 7619631f 
Dealt to 69b1cc3b 
Dealt to Hero [8h Kc]
7619631f: folds
69b1cc3b: folds
Hero: folds
eece68d9: folds
7051751c: folds
Uncalled bet ($0.15) returned to 2c809e2f
*** SHOWDOWN ***
2c809e2f collected $0.2 from pot
*** SUMMARY ***
Total pot $0.2 | Rake $0 | Jackpot $0 | Bingo $0 | Fortune $0 | Tax $0
Seat 1: eece68d9 (button) folded before Flop (didn't bet)
Seat 2: 7051751c (small blind) folded before Flop
Seat 3: 2c809e2f (big blind) collected ($0.2)
Seat 4: 7619631f folded before Flop (didn't bet)
Seat 5: 69b1cc3b folded before Flop (didn't bet)
Seat 6: Hero folded before Flop (didn't bet)


Poker Hand #RC3064894290: Hold'em No Limit ($0.1/$0.25) - 2024/11/13 23:28:16
Table 'RushAndCash5549641' 6-max Seat #1 is the button
Seat 1: 849aa806 ($49.45 in chips)
Seat 2: 5f4cbb59 ($48.06 in chips)
Seat 3: 489407a5 ($26.41 in chips)
Seat 4: Hero ($26.46 in chips)
Seat 5: 7619631f ($58.51 in chips)
Seat 6: 82a786bb ($27.35 in chips)
5f4cbb59: posts small blind $0.1
489407a5: posts big blind $0.25
*** HOLE CARDS ***
Dealt to 849aa806 
Dealt to 5f4cbb59 
Dealt to 489407a5 
Dealt to Hero [Tc Kc]
Dealt to 7619631f 
Dealt to 82a786bb 
Hero: raises $0.38 to $0.63
7619631f: calls $0.63
82a786bb: folds
849aa806: folds
5f4cbb59: folds
489407a5: folds
*** FLOP *** [Qc Js 8s]
Hero: checks
7619631f: bets $2.11
Hero: calls $2.11
*** TURN *** [Qc Js 8s] [7d]
Hero: checks
7619631f: checks
*** RIVER *** [Qc Js 8s 7d] [Ad]
Hero: bets $1.75
7619631f: calls $1.75
Hero: shows [Tc Kc] (Aces-High Straight)
7619631f: shows [Kd Ac] (Pair of Aces)
*** SHOWDOWN ***
Hero collected $8.52 from pot
*** SUMMARY ***
Total pot $9.33 | Rake $0.44 | Jackpot $0.37 | Bingo $0 | Fortune $0 | Tax $0
Board [Qc Js 8s 7d Ad]
Seat 1: 849aa806 (button) folded before Flop (didn't bet)
Seat 2: 5f4cbb59 (small blind) folded before Flop
Seat 3: 489407a5 (big blind) folded before Flop
Seat 4: Hero showed [Tc Kc] and won ($8.52) with Aces-High Straight
Seat 5: 7619631f showed [Kd Ac] and lost with Pair of Aces
Seat 6: 82a786bb folded before Flop (didn't bet)


Poker Hand #RC3064894274: Hold'em No Limit ($0.1/$0.25) - 2024/11/13 23:28:13
Table 'RushAndCash5549631' 6-max Seat #1 is the button
Seat 1: 69b1cc3b ($25.35 in chips)
Seat 2: be3b6171 ($26.74 in chips)
Seat 3: 7f16fbc4 ($25 in chips)
Seat 4: 980b3278 ($25 in chips)
Seat 5: fc7bc737 ($38.17 in chips)
Seat 6: Hero ($26.46 in chips)
be3b6171: posts small blind $0.1
7f16fbc4: posts big blind $0.25
*** HOLE CARDS ***
Dealt to 69b1cc3b 
Dealt to be3b6171 
Dealt to 7f16fbc4 
Dealt to 980b3278 
Dealt to fc7bc737 
Dealt to Hero [Td 5h]
980b3278: folds
fc7bc737: folds
Hero: folds
69b1cc3b: raises $0.38 to $0.63
be3b6171: folds
7f16fbc4: calls $0.38
*** FLOP *** [Js 5c Qc]
7f16fbc4: checks
69b1cc3b: bets $0.79
7f16fbc4: calls $0.79
*** TURN *** [Js 5c Qc] [3c]
7f16fbc4: checks
69b1cc3b: checks
*** RIVER *** [Js 5c Qc 3c] [9c]
7f16fbc4: checks
69b1cc3b: bets $0.25
7f16fbc4: calls $0.25
69b1cc3b: shows [Jc Ah] (Queen High Flush)
7f16fbc4: shows [9h Ts] (Pair of Nines)
*** SHOWDOWN ***
69b1cc3b collected $3.27 from pot
*** SUMMARY ***
Total pot $3.44 | Rake $0.17 | Jackpot $0 | Bingo $0 | Fortune $0 | Tax $0
Board [Js 5c Qc 3c 9c]
Seat 1: 69b1cc3b (button) showed [Jc Ah] and won ($3.27) with Queen High Flush
Seat 2: be3b6171 (small blind) folded before Flop
Seat 3: 7f16fbc4 (big blind) showed [9h Ts] and lost with Pair of Nines
Seat 4: 980b3278 folded before Flop (didn't bet)
Seat 5: fc7bc737 folded before Flop (didn't bet)
Seat 6: Hero folded before Flop (didn't bet)


Poker Hand #RC3064894147: Hold'em No Limit ($0.1/$0.25) - 2024/11/13 23:27:48
Table 'RushAndCash5549550' 6-max Seat #1 is the button
Seat 1: Hero ($25.67 in chips)
Seat 2: eb20af23 ($51.44 in chips)
Seat 3: 795eedc7 ($14.33 in chips)
Seat 4: ab876643 ($25 in chips)
Seat 5: ce29c970 ($9.9 in chips)
Seat 6: ff11e7dc ($30.06 in chips)
eb20af23: posts small blind $0.1
795eedc7: posts big blind $0.25
*** HOLE CARDS ***
Dealt to Hero [Ac Td]
Dealt to eb20af23 
Dealt to 795eedc7 
Dealt to ab876643 
Dealt to ce29c970 
Dealt to ff11e7dc 
ab876643: folds
ce29c970: folds
ff11e7dc: raises $0.25 to $0.5
Hero: raises $1.25 to $1.75
eb20af23: folds
795eedc7: folds
ff11e7dc: folds
Uncalled bet ($1.25) returned to Hero
*** SHOWDOWN ***
Hero collected $1.29 from pot
*** SUMMARY ***
Total pot $1.35 | Rake $0.06 | Jackpot $0 | Bingo $0 | Fortune $0 | Tax $0
Seat 1: Hero (button) collected ($1.29)
Seat 2: eb20af23 (small blind) folded before Flop
Seat 3: 795eedc7 (big blind) folded before Flop
Seat 4: ab876643 folded before Flop (didn't bet)
Seat 5: ce29c970 folded before Flop (didn't bet)
Seat 6: ff11e7dc folded before Flop


Poker Hand #RC3064894090: Hold'em No Limit ($0.1/$0.25) - 2024/11/13 23:27:36
Table 'RushAndCash5549513' 6-max Seat #1 is the button
Seat 1: c421512d ($29.02 in chips)
Seat 2: Hero ($25.42 in chips)
Seat 3: be433dff ($55.97 in chips)
Seat 4: 7168974d ($26.08 in chips)
Seat 5: f1e51315 ($20.79 in chips)
Seat 6: 797cdf4 ($29.38 in chips)
Hero: posts small blind $0.1
be433dff: posts big blind $0.25
*** HOLE CARDS ***
Dealt to c421512d 
Dealt to Hero [Kc 8d]
Dealt to be433dff 
Dealt to 7168974d 
Dealt to f1e51315 
Dealt to 797cdf4 
7168974d: folds
f1e51315: folds
797cdf4: folds
c421512d: folds
Hero: raises $0.5 to $0.75
be433dff: folds
Uncalled bet ($0.5) returned to Hero
*** SHOWDOWN ***
Hero collected $0.5 from pot
*** SUMMARY ***
Total pot $0.5 | Rake $0 | Jackpot $0 | Bingo $0 | Fortune $0 | Tax $0
Seat 1: c421512d (button) folded before Flop (didn't bet)
Seat 2: Hero (small blind) collected ($0.5)
Seat 3: be433dff (big blind) folded before Flop
Seat 4: 7168974d folded before Flop (didn't bet)
Seat 5: f1e51315 folded before Flop (didn't bet)
Seat 6: 797cdf4 folded before Flop (didn't bet)


Poker Hand #RC3064894049: Hold'em No Limit ($0.1/$0.25) - 2024/11/13 23:27:28
Table 'RushAndCash5549486' 6-max Seat #1 is the button
Seat 1: eed25892 ($29.82 in chips)
Seat 2: 93c891e6 ($28.05 in chips)
Seat 3: Hero ($25.67 in chips)
Seat 4: c6c63e0b ($20.94 in chips)
Seat 5: da57a475 ($32.58 in chips)
Seat 6: d3a3b4c8 ($27.84 in chips)
93c891e6: posts small blind $0.1
Hero: posts big blind $0.25
*** HOLE CARDS ***
Dealt to eed25892 
Dealt to 93c891e6 
Dealt to Hero [Ac 2s]
Dealt to c6c63e0b 
Dealt to da57a475 
Dealt to d3a3b4c8 
c6c63e0b: raises $0.25 to $0.5
da57a475: raises $1.1 to $1.6
d3a3b4c8: folds
eed25892: folds
93c891e6: folds
Hero: folds
c6c63e0b: folds
Uncalled bet ($1.1) returned to da57a475
*** SHOWDOWN ***
da57a475 collected $1.29 from pot
*** SUMMARY ***
Total pot $1.35 | Rake $0.06 | Jackpot $0 | Bingo $0 | Fortune $0 | Tax $0
Seat 1: eed25892 (button) folded before Flop (didn't bet)
Seat 2: 93c891e6 (small blind) folded before Flop
Seat 3: Hero (big blind) folded before Flop
Seat 4: c6c63e0b folded before Flop
Seat 5: da57a475 collected ($1.29)
Seat 6: d3a3b4c8 folded before Flop (didn't bet)


Poker Hand #RC3064894030: Hold'em No Limit ($0.1/$0.25) - 2024/11/13 23:27:24
Table 'RushAndCash5549473' 6-max Seat #1 is the button
Seat 1: b51f7ac2 ($26.53 in chips)
Seat 2: fd333540 ($23.14 in chips)
Seat 3: 7f16fbc4 ($25 in chips)
Seat 4: Hero ($25.67 in chips)
Seat 5: d3a3b4c8 ($27.84 in chips)
Seat 6: c6c63e0b ($20.94 in chips)
fd333540: posts small blind $0.1
7f16fbc4: posts big blind $0.25
*** HOLE CARDS ***
Dealt to b51f7ac2 
Dealt to fd333540 
Dealt to 7f16fbc4 
Dealt to Hero [6d 2c]
Dealt to d3a3b4c8 
Dealt to c6c63e0b 
Hero: folds
d3a3b4c8: folds
c6c63e0b: folds
b51f7ac2: folds
fd333540: raises $0.63 to $0.88
7f16fbc4: calls $0.63
*** FLOP *** [Ts 7h Th]
fd333540: checks
7f16fbc4: checks
*** TURN *** [Ts 7h Th] [8s]
fd333540: bets $0.88
7f16fbc4: folds
Uncalled bet ($0.88) returned to fd333540
*** SHOWDOWN ***
fd333540 collected $1.68 from pot
*** SUMMARY ***
Total pot $1.76 | Rake $0.08 | Jackpot $0 | Bingo $0 | Fortune $0 | Tax $0
Board [Ts 7h Th 8s]
Seat 1: b51f7ac2 (button) folded before Flop (didn't bet)
Seat 2: fd333540 (small blind) won ($1.68)
Seat 3: 7f16fbc4 (big blind) folded on the Turn
Seat 4: Hero folded before Flop (didn't bet)
Seat 5: d3a3b4c8 folded before Flop (didn't bet)
Seat 6: c6c63e0b folded before Flop (didn't bet)


Poker Hand #RC3064894013: Hold'em No Limit ($0.1/$0.25) - 2024/11/13 23:27:21
Table 'RushAndCash5549461' 6-max Seat #1 is the button
Seat 1: b8f4965e ($53.41 in chips)
Seat 2: c6c63e0b ($21.04 in chips)
Seat 3: 5b9b9ef2 ($29.39 in chips)
Seat 4: 995fed18 ($60.58 in chips)
Seat 5: aeac1c03 ($72.43 in chips)
Seat 6: Hero ($25.67 in chips)
c6c63e0b: posts small blind $0.1
5b9b9ef2: posts big blind $0.25
*** HOLE CARDS ***
Dealt to b8f4965e 
Dealt to c6c63e0b 
Dealt to 5b9b9ef2 
Dealt to 995fed18 
Dealt to aeac1c03 
Dealt to Hero [2h 6d]
995fed18: folds
aeac1c03: folds
Hero: folds
b8f4965e: raises $0.38 to $0.63
c6c63e0b: folds
5b9b9ef2: calls $0.38
*** FLOP *** [3c 4c Tc]
5b9b9ef2: checks
b8f4965e: bets $1.02
5b9b9ef2: calls $1.02
*** TURN *** [3c 4c Tc] [9s]
5b9b9ef2: checks
b8f4965e: checks
*** RIVER *** [3c 4c Tc 9s] [8s]
5b9b9ef2: bets $1
b8f4965e: folds
Uncalled bet ($1) returned to 5b9b9ef2
*** SHOWDOWN ***
5b9b9ef2 collected $3.23 from pot
*** SUMMARY ***
Total pot $3.4 | Rake $0.17 | Jackpot $0 | Bingo $0 | Fortune $0 | Tax $0
Board [3c 4c Tc 9s 8s]
Seat 1: b8f4965e (button) folded on the River
Seat 2: c6c63e0b (small blind) folded before Flop
Seat 3: 5b9b9ef2 (big blind) won ($3.23)
Seat 4: 995fed18 folded before Flop (didn't bet)
Seat 5: aeac1c03 folded before Flop (didn't bet)
Seat 6: Hero folded before Flop (didn't bet)


Poker Hand #RC3064893995: Hold'em No Limit ($0.1/$0.25) - 2024/11/13 23:27:17
Table 'RushAndCash5549449' 6-max Seat #1 is the button
Seat 1: cfeba347 ($23.65 in chips)
Seat 2: 7ae24463 ($95.43 in chips)
Seat 3: d1e50a91 ($25 in chips)
Seat 4: Hero ($25.67 in chips)
Seat 5: 10ea95b3 ($82.9 in chips)
Seat 6: 7926b149 ($54.64 in chips)
7ae24463: posts small blind $0.1
d1e50a91: posts big blind $0.25
*** HOLE CARDS ***
Dealt to cfeba347 
Dealt to 7ae24463 
Dealt to d1e50a91 
Dealt to Hero [4h Jd]
Dealt to 10ea95b3 
Dealt to 7926b149 
Hero: folds
10ea95b3: folds
7926b149: folds
cfeba347: raises $0.5 to $0.75
7ae24463: raises $1.75 to $2.5
d1e50a91: folds
cfeba347: raises $3.39 to $5.89
7ae24463: calls $3.39
*** FLOP *** [Ac 3h Th]
7ae24463: checks
cfeba347: checks
*** TURN *** [Ac 3h Th] [2s]
7ae24463: checks
cfeba347: checks
*** RIVER *** [Ac 3h Th 2s] [7d]
7ae24463: bets $3.97
cfeba347: calls $3.97
7ae24463: shows [Kd Ah] (Pair of Aces)
cfeba347: shows [Kh Ks] (Pair of Kings)
*** SHOWDOWN ***
7ae24463 collected $18.85 from pot
*** SUMMARY ***
Total pot $19.97 | Rake $0.75 | Jackpot $0.37 | Bingo $0 | Fortune $0 | Tax $0
Board [Ac 3h Th 2s 7d]
Seat 1: cfeba347 (button) showed [Kh Ks] and lost with Pair of Kings
Seat 2: 7ae24463 (small blind) showed [Kd Ah] and won ($18.85) with Pair of Aces
Seat 3: d1e50a91 (big blind) folded before Flop
Seat 4: Hero folded before Flop (didn't bet)
Seat 5: 10ea95b3 folded before Flop (didn't bet)
Seat 6: 7926b149 folded before Flop (didn't bet)


Poker Hand #RC3064893975: Hold'em No Limit ($0.1/$0.25) - 2024/11/13 23:27:13
Table 'RushAndCash5549436' 6-max Seat #1 is the button
Seat 1: dcf80a5b ($25.19 in chips)
Seat 2: a7b6e567 ($30.48 in chips)
Seat 3: f8f6bb85 ($38.94 in chips)
Seat 4: Hero ($25.67 in chips)
Seat 5: 5c7cdff7 ($33.88 in chips)
Seat 6: c9f0bda9 ($48.94 in chips)
a7b6e567: posts small blind $0.1
f8f6bb85: posts big blind $0.25
*** HOLE CARDS ***
Dealt to dcf80a5b 
Dealt to a7b6e567 
Dealt to f8f6bb85 
Dealt to Hero [6s 6c]
Dealt to 5c7cdff7 
Dealt to c9f0bda9 
Hero: folds
5c7cdff7: folds
c9f0bda9: raises $0.38 to $0.63
dcf80a5b: folds
a7b6e567: folds
f8f6bb85: raises $2.47 to $3.1
c9f0bda9: folds
Uncalled bet ($2.47) returned to f8f6bb85
*** SHOWDOWN ***
f8f6bb85 collected $1.3 from pot
*** SUMMARY ***
Total pot $1.36 | Rake $0.06 | Jackpot $0 | Bingo $0 | Fortune $0 | Tax $0
Seat 1: dcf80a5b (button) folded before Flop (didn't bet)
Seat 2: a7b6e567 (small blind) folded before Flop
Seat 3: f8f6bb85 (big blind) collected ($1.3)
Seat 4: Hero folded before Flop (didn't bet)
Seat 5: 5c7cdff7 folded before Flop (didn't bet)
Seat 6: c9f0bda9 folded before Flop


Poker Hand #RC3064893790: Hold'em No Limit ($0.1/$0.25) - 2024/11/13 23:26:39
Table 'RushAndCash5549315' 6-max Seat #1 is the button
Seat 1: Hero ($25 in chips)
Seat 2: 4b688f45 ($54.65 in chips)
Seat 3: dcf80a5b ($25.82 in chips)
Seat 4: 178751aa ($131.98 in chips)
Seat 5: 20c94185 ($25.55 in chips)
Seat 6: 2e50887d ($27.54 in chips)
4b688f45: posts small blind $0.1
dcf80a5b: posts big blind $0.25
*** HOLE CARDS ***
Dealt to Hero [Ks Qh]
Dealt to 4b688f45 
Dealt to dcf80a5b 
Dealt to 178751aa 
Dealt to 20c94185 
Dealt to 2e50887d 
178751aa: folds
20c94185: folds
2e50887d: folds
Hero: raises $0.38 to $0.63
4b688f45: folds
dcf80a5b: calls $0.38
*** FLOP *** [8h Qd Th]
dcf80a5b: checks
Hero: bets $0.75
dcf80a5b: folds
Uncalled bet ($0.75) returned to Hero
*** SHOWDOWN ***
Hero collected $1.3 from pot
*** SUMMARY ***
Total pot $1.36 | Rake $0.06 | Jackpot $0 | Bingo $0 | Fortune $0 | Tax $0
Board [8h Qd Th]
Seat 1: Hero (button) won ($1.3)
Seat 2: 4b688f45 (small blind) folded before Flop
Seat 3: dcf80a5b (big blind) folded on the Flop
Seat 4: 178751aa folded before Flop (didn't bet)
Seat 5: 20c94185 folded before Flop (didn't bet)
Seat 6: 2e50887d folded before Flop (didn't bet)


Poker Hand #RC3064893718: Hold'em No Limit ($0.1/$0.25) - 2024/11/13 23:26:24
Table 'RushAndCash5549264' 6-max Seat #1 is the button
Seat 1: ef0c02ee ($25 in chips)
Seat 2: 676a4409 ($25 in chips)
Seat 3: Hero ($25.25 in chips)
Seat 4: 37e7112f ($60.88 in chips)
Seat 5: 1886b620 ($26.89 in chips)
Seat 6: ee58dd8e ($25 in chips)
676a4409: posts small blind $0.1
Hero: posts big blind $0.25
*** HOLE CARDS ***
Dealt to ef0c02ee 
Dealt to 676a4409 
Dealt to Hero [6d As]
Dealt to 37e7112f 
Dealt to 1886b620 
Dealt to ee58dd8e 
37e7112f: raises $0.38 to $0.63
1886b620: folds
ee58dd8e: folds
ef0c02ee: folds
676a4409: folds
Hero: folds
Uncalled bet ($0.38) returned to 37e7112f
*** SHOWDOWN ***
37e7112f collected $0.6 from pot
*** SUMMARY ***
Total pot $0.6 | Rake $0 | Jackpot $0 | Bingo $0 | Fortune $0 | Tax $0
Seat 1: ef0c02ee (button) folded before Flop (didn't bet)
Seat 2: 676a4409 (small blind) folded before Flop
Seat 3: Hero (big blind) folded before Flop
Seat 4: 37e7112f collected ($0.6)
Seat 5: 1886b620 folded before Flop (didn't bet)
Seat 6: ee58dd8e folded before Flop (didn't bet)


Poker Hand #RC3064893648: Hold'em No Limit ($0.1/$0.25) - 2024/11/13 23:26:09
Table 'RushAndCash5549219' 6-max Seat #1 is the button
Seat 1: 1e8cfcb5 ($25 in chips)
Seat 2: Hero ($25 in chips)
Seat 3: 70aafd7a ($25 in chips)
Seat 4: e80e8614 ($52.66 in chips)
Seat 5: c9f0bda9 ($47.14 in chips)
Seat 6: 7be8f7de ($144.88 in chips)
Hero: posts small blind $0.1
70aafd7a: posts big blind $0.25
*** HOLE CARDS ***
Dealt to 1e8cfcb5 
Dealt to Hero [Qs 2s]
Dealt to 70aafd7a 
Dealt to e80e8614 
Dealt to c9f0bda9 
Dealt to 7be8f7de 
e80e8614: folds
c9f0bda9: folds
7be8f7de: folds
1e8cfcb5: folds
Hero: raises $0.5 to $0.75
70aafd7a: folds
Uncalled bet ($0.5) returned to Hero
*** SHOWDOWN ***
Hero collected $0.5 from pot
*** SUMMARY ***
Total pot $0.5 | Rake $0 | Jackpot $0 | Bingo $0 | Fortune $0 | Tax $0
Seat 1: 1e8cfcb5 (button) folded before Flop (didn't bet)
Seat 2: Hero (small blind) collected ($0.5)
Seat 3: 70aafd7a (big blind) folded before Flop
Seat 4: e80e8614 folded before Flop (didn't bet)
Seat 5: c9f0bda9 folded before Flop (didn't bet)
Seat 6: 7be8f7de folded before Flop (didn't bet)


